2656 4726
57 377 190 461 963⁴!-
265 360 270 371 ι
292 376 343 444 ΙΝ
361 376 449 447 ῙοῙΒ.
467 376 568 445 XIV.
586 380 689 447 CAP·
711 382 746 447 L
971 404 1026 470 5¹¹

29 517 213 598 aproduee
226 519 345 602 quidem
359 520 455 600 primi
470 520 582 600 syllabi
600 520 669 584 usus
686 519 891 603 Aristophanes
906 522 966 601 en,
983 525 1029 587 A·

66 601 171 662 cuam.
189 620 272 680 rupa.
291 599 339 661 sed
358 604 399 663 ob
414 601 540 663 debilem
556 603 729 684 positionem
745 606 833 667 etiam
849 605 958 688 corripi
974 624 1027 669 ea-

65 680 135 743 dem
152 681 261 760 syllaba
279 683 417 761 potuerit.

124 761 194 841 Verfi
212 783 237 838 ς.
257 761 287 824 Si
309 783 410 823 uerum
430 763 487 835 est,
509 762 762 844 ἔκμοσοόμοό,
784 766 874 827 suerit
890 765 1028 847 praesens

66 856 186 923 tempus
202 863 257 923 pro
270 845 428 926 praeterito
438 844 574 926 positum,
585 844 734 928 fueritque
750 848 946 929 compositum
959 868 1024 910 ver·

11 916 17 937 “
66 923 139 984 bum
164 925 371 1002 όκμοοσόκομοιο,
389 927 440 985 vix
456 945 578 1005 usquam
598 928 666 988 alibi
683 948 858 1001 occurrens,
877 929 906 988 δι
932 930 1023 1010 prima

67 1001 180 1081 syllaba
199 1007 240 1066 ob
258 1003 417 1067 consonam
438 1025 545 1067 mutam
566 1025 632 1068 cum
655 1007 766 1088 liquida
786 1025 933 1091 correpta.
963 1009 1022 1073 Sed

64 1082 260 1147 iudicaverint
273 1085 394 1151 ,sortasse
416 1089 540 1164 eruditi,
561 1087 683 1149 fidenter
701 1091 714 1150 i
721 1090 916 1168 proruptas
927 1091 1022 1153 corri-

65 1167 96 1245 gi
111 1185 128 1226 a
146 1168 234 1227 nobis
247 1165 384 1228 debuisse.

110 1246 182 1325 Verfi
194 1250 223 1310 6.
246 1247 570 1328 πιροκμοισύκτοκκ
583 1250 899 1329 τινὶςποιροκβόσκομκκ.
919 1251 1020 1314 „Scri-

64 1326 131 1388 »be
148 1328 463 1407 σιμμοισύκτοικ
486 1333 588 1405 τινὰς,
612 1331 661 1390 vel
680 1327 906 1410 rrupeyaem'rrer.
938 1332 1017 1395 Nam

62 1424 256 1490 ”urtumque
273 1409 394 1471 dicitur:
413 1428 473 1470 non
490 1414 737 1493 rupauurinrur.
759 1412 1019 1474 Venusieallusum

64 1488 134 1549 aest
152 1491 187 1550 arl
198 1496 370 1573 parrſsrurum
388 1509 496 1553 nomen
520 1493 617 1554 verbo
635 1495 862 1569 ‘repensurum
880 1492 1026 1569 Casum,

63 1583 191 1633 Bonus·
212 1604 246 1619 -
271 1572 348 1631 Vide
365 1573 401 1632 ad
416 1572 470 1633 lv.
485 1593 548 1653 ¹3⁴·
560 1593 587 1636 a.
619 1573 731 1635 Editam
749 1573 917 1655 scripturam
938 1591 1019 1636 tener
1037 1606 1039 1614 ι
1067 1575 1070 1581 ’

54 1668 151 1712 merus
166 1653 278 1714 codex:
301 1670 393 1735 quare
410 1654 442 1713 in
459 1654 608 1716 vocabulo
626 1655 703 1717 baud
718 1654 788 1717 satis
802 1671 876 1716 noto
893 1654 931 1715 nil
949 1674 1019 1718 mu·

60 1744 124 1793 tare
140 1732 228 1794 ausus
242 1732 316 1794 sum.
922 1784 926 1793 ,

102 1810 139 1873 ln
149 1812 274 1874 eiusdem
286 1815 437 1877 Eurrrrru
453 1833 490 1876 ex
506 1817 611 1898 cydone
628 1814 808 1890 testimonio,
823 1814 933 1877 omiffis
944 1834 1017 1879 non-

60 1892 152 1956 nullis
166 1893 219 1974 (ur
234 1895 376 1976 viderur)
392 1897 560 1971 vocabulis,
577 1897 699 1976 aliisque
718 1894 835 1958 sortasse
854 1898 1017 1977 transposi-

59 1972 116 2045 ris,
135 1975 178 2035 ita
197 1977 345 2037 turbarum
359 1975 400 2037 eli
416 1997 561 2051 mertum,
581 1996 613 2038 ut
628 1977 707 2040 certi
724 1978 835 2038 rarione
854 1996 916 2038 nou
934 1976 1015 2058 polle
1052 1977 1054 1981 ’

49 2053 176 2117 rennui
195 2057 340 2118 videatur.
373 2058 554 2140 numquis
574 2058 627 2129 stt,
652 2076 740 2136 quem
760 2057 825 2133 post
840 2076 962 2119 coenam
982 2061 1014 2120 in

58 2134 189 2198 bellariis
203 2138 311 2216 adponi
328 2137 444 2199 solitum
455 2139 511 2212 ait,
528 2140 625 2199 doceri
644 2140 681 2198 ab
699 2137 816 2199 eruditis
831 2139 930 2199 velim.
951 2137 1015 2201 Ge·

57 2218 184 2276 nereum
203 2217 302 2278 κόκκος
315 2239 426 2299 granum
440 2241 573 2301 pomorum
591 2240 637 2280 aut
654 2220 770 2279 nucleum
787 2218 933 2299 fignificat.
967 2219 1016 2278 Si-

56 2296 179 2375 gillatim
198 2299 227 2358 b.
245 2298 264 2359 l.
281 2302 436 2380 punicorum
462 2302 586 2360 malorum
611 2300 700 2361 acinos
723 2300 901 2377 intelligebat
920 2298 1015 2359 Daie-

56 2379 1014 2542 {imbibensrlzrissssilfflnpuellule?wenni&

322 2504 330 2520 ·
401 2507 408 2522 ·
480 2504 489 2521 ·
804 2506 814 2534 a

57 2538 100 2601 lle
119 2541 200 2621 apud
218 2541 351 2602 Foesrum
371 2543 399 2602 in
416 2540 533 2602 Oecon.
548 2543 689 2622 Hippocr.
702 2559 765 2621 pag.
781 2541 847 2621 3⁴⁶·
866 2539 963 2599 κόκκοκ
976 2540 1013 2600 όι-

48 2620 178 2699 -ginaum
192 2621 221 2682 u
234 2623 413 2704 κατ’έξοχόοκ
422 2645 531 2705 granum
547 2625 659 2683 cnidium
672 2622 758 2693 dixit,
774 2621 855 2703 quod
867 2622 908 2683 eli
918 2641 1011 2703 quae·

56 2704 127 2761 dam
142 2703 232 2763 veluti
248 2704 355 2785 piperis
369 2705 492 2783 species,
510 2703 570 2764 fere
587 2702 695 2764 nonnisi
708 2704 743 2762 ad
754 2702 911 2765 medicinae
928 2701 1011 2764 usum

55 2783 187 2843 adbiberi
205 2783 297 2846 solita.
317 2784 488 2858 Salmasius,
504 2785 659 2845 Exercitat.
675 2783 744 2849 Pliu.
755 2802 821 2865 pag.
831 2804 900 2863 9²5·
910 2785 967 2845 col.
982 2784 1010 2846 b.

48 2861 136 2940 [aba
151 2866 329 2946 Aegyptiacae
344 2867 461 2925 nucleum
480 2865 550 2926 κατ’
564 2865 670 2946 ἔξοχόν
692 2865 787 2924 κόκκον
804 2865 909 2926 uiuum
927 2862 1009 2926 fuisse

53 2942 238 3005 existimavit.
261 2947 379 3025 Alioqui
397 2946 488 3022 κόκκῳ
502 2947 538 3007 ad
548 2949 716 3009 coccineum
728 2946 862 3006 colorem
881 2949 922 3008 uti
938 2945 1009 3007 soli·

53 3040 104 3087 ωε
121 3026 274 3096 rinllotes,
290 3027 356 3088 saris
369 3045 485 3089 norum.

95 3105 220 3188 όρόιχοκ,
230 3106 366 3186 supple
390 3132 408 3162 u
419 3110 542 3170 Veteres
552 3107 706 3169 dislionem
719 3110 829 3191 βρόχος
844 3125 905 3166 non
918 3125 1008 3186 agno·

46 3185 178 3259 picum.
209 3190 336 3268 βρυγμὸς
355 3189 426 3268 qnid
447 3189 480 3249 sn
497 3188 611 3264 nescio,
632 3190 684 3250 nist
700 3188 720 3249 sr
735 3191 863 3327 iprrppelr
880 3185 1008 3247 scriben-

53 3268 186 3328 »ἀνῆκα
201 3268 439 3333 Cnsnubollus.
457 3302 499 3318 ·-
520 3271 632 3349 Βρὰχοε
648 3270 677 3330 ἃ
694 3270 791 3346 βρνγμ
808 3290 837 3339 r,
856 3269 1007 3327 valeram-

44 3349 102 3427 pr'u
120 3349 295 3430 interprete,
316 3350 379 3409 sunt
393 3352 487 3432 stridor
496 3374 529 3413 οο
532 3351 655 3430 fremitus
675 3350 906 3410 manducaurirtm:
925 3365 1007 3408 nem·

54 3446 94 3508 pe
107 3429 154 3490 hic
163 3476 174 3502 ,
192 3450 244 3510 per
263 3435 492 3510 metonymiam,
509 3433 618 3493 bellaria
636 3453 701 3510 quae
720 3432 784 3490 inter
799 3433 883 3490 dentes
901 3431 1006 3510 strident

54 3509 84 3569 6·
93 3512 215 3593 flnpirus
229 3515 314 3572 edunt.
336 3514 400 3574 Nec
417 3515 457 3573 ita
473 3515 558 3573 male.
580 3508 704 3592 όρυγμός
722 3529 801 3573 certe
818 3512 845 3571 id
864 3508 1006 3593 significa·

54 3609 87 3650 re
102 3593 216 3672 potuitr
235 3593 276 3652 eli
292 3595 365 3654 enim
381 3615 397 3652 a
416 3594 513 3654 verbo
530 3596 659 3675 όρύχοοκ,
678 3593 760 3670 quod
779 3593 856 3672 apud
873 3591 1004 3670 Hesych.

53 3675 228 3752 exponitur,
247 3673 354 3749 κοῦρος
373 3677 501 3754 (κόβροοκ
511 3673 620 3747 scribe)
636 3674 748 3746 irlr'rrr,
767 3669 887 3734 aaaron
900 3673 1005 3752 τρύζοκκ

52 3753 119 3813 aurit
135 3753 266 3815 όόόκτοις.
283 3754 305 3814 oi
321 3755 355 3814 sl
373 3753 552 3833 μοσσοὶσόοιο.
573 3758 660 3837 Apud
671 3756 805 3818 eumdem
816 3755 922 3815 habes:
938 3752 1004 3831 upi-

50 3833 240 3918 {ttrstrarsn
252 3835 418 3899 κατοικιεῖν.
438 3835 575 3900 Similiter
585 3855 678 3900 vero:
696 3838 811 3919 Βρόξοκκ·
824 3836 924 3918 (uude
935 3830 1003 3918 {ipri-
