<?xml version="1.0" encoding="UTF-8"?>
<!DOCTYPE html PUBLIC "-//W3C//DTD XHTML 1.0 Transitional//EN"
    "http://www.w3.org/TR/xhtml1/DTD/xhtml1-transitional.dtd">
<html xmlns="http://www.w3.org/1999/xhtml" xml:lang="en" lang="en">
 <head>
  <title>
</title>
<meta http-equiv="Content-Type" content="text/html;charset=utf-8" />
  <meta name='ocr-system' content='tesseract 3.04.00' />
  <meta name='ocr-capabilities' content='ocr_page ocr_carea ocr_par ocr_line ocrx_word'/>
</head>
<body>
  <div class='ocr_page' id='page_1' title='image "./athenaeinaucrat00athegoog_0334.png"; bbox 0 0 2656 4726; ppageno 0'>
   <div class='ocr_carea' id='block_1_1' title="bbox 177 112 1151 219">
    <p class='ocr_par' dir='ltr' id='par_1_1' title="bbox 177 112 1151 219">
     <span class='ocr_line' id='line_1_1' title="bbox 177 112 1151 219; baseline 0.005 -36"><span class='ocrx_word' id='word_1_1' title='bbox 177 114 301 201; x_wconf 60' lang='lat' dir='ltr'>potr.</span> <span class='ocrx_word' id='word_1_2' title='bbox 434 117 491 183; x_wconf 77' lang='lat' dir='ltr'>tu</span> <span class='ocrx_word' id='word_1_3' title='bbox 518 118 609 185; x_wconf 76' lang='lat' dir='ltr'>LIB-</span> <span class='ocrx_word' id='word_1_4' title='bbox 630 118 732 186; x_wconf 81' lang='lat' dir='ltr'>xiv.</span> <span class='ocrx_word' id='word_1_5' title='bbox 752 112 900 187; x_wconf 64' lang='lat' dir='ltr'>CARI.</span> <span class='ocrx_word' id='word_1_6' title='bbox 1093 140 1151 219; x_wconf 61' lang='lat' dir='ltr'>pay</span> 
     </span>
    </p>
   </div>
   <div class='ocr_carea' id='block_1_2' title="bbox 156 256 1242 3724">
    <p class='ocr_par' dir='ltr' id='par_1_2' title="bbox 156 256 1242 3724">
     <span class='ocr_line' id='line_1_2' title="bbox 181 256 1151 342; baseline 0.003 -21"><span class='ocrx_word' id='word_1_7' title='bbox 181 256 218 321; x_wconf 86' lang='lat' dir='ltr'>in</span> <span class='ocrx_word' id='word_1_8' title='bbox 234 256 379 323; x_wconf 83' lang='lat' dir='ltr'>Brunckli</span> <span class='ocrx_word' id='word_1_9' title='bbox 397 258 569 332; x_wconf 73' lang='lat' dir='ltr'>(immicis,</span> <span class='ocrx_word' id='word_1_10' title='bbox 587 278 617 342; x_wconf 81' lang='lat' dir='ltr'>p.</span> <span class='ocrx_word' id='word_1_11' title='bbox 636 278 705 322; x_wconf 63' lang='grc' dir='ltr'>ποι,</span> <span class='ocrx_word' id='word_1_12' title='bbox 733 257 914 321; x_wconf 72' lang='lat' dir='ltr'>simillimam</span> <span class='ocrx_word' id='word_1_13' title='bbox 928 258 1097 324; x_wconf 90' lang='lat' dir='ltr'>sententiam</span> <span class='ocrx_word' id='word_1_14' title='bbox 1109 260 1151 339; x_wconf 80' lang='lat' dir='ltr'>ab</span> 
     </span>
     <span class='ocr_line' id='line_1_3' title="bbox 185 338 1148 481; baseline 0.004 -78"><span class='ocrx_word' id='word_1_15' title='bbox 185 338 314 403; x_wconf 79' lang='lat' dir='ltr'>Alexide</span> <span class='ocrx_word' id='word_1_16' title='bbox 331 340 362 409; x_wconf 86' lang='lat' dir='ltr'>in</span> <span class='ocrx_word' id='word_1_17' title='bbox 382 339 514 481; x_wconf 62' lang='lat' dir='ltr'>Pthio</span> <span class='ocrx_word' id='word_1_18' title='bbox 535 340 695 417; x_wconf 73' lang='lat' dir='ltr'>expressam</span> <span class='ocrx_word' id='word_1_19' title='bbox 716 340 800 420; x_wconf 92' lang='lat' dir='ltr'>supra</span> <span class='ocrx_word' id='word_1_20' title='bbox 821 343 964 416; x_wconf 83' lang='lat' dir='ltr'>vidimus,</span> <span class='ocrx_word' id='word_1_21' title='bbox 984 340 1022 405; x_wconf 89' lang='lat' dir='ltr'>X.</span> <span class='ocrx_word' id='word_1_22' title='bbox 1037 365 1104 425; x_wconf 82' lang='lat'><strong>4²9·</strong></span> <span class='ocrx_word' id='word_1_23' title='bbox 1120 356 1148 407; x_wconf 81' lang='lat' dir='ltr'>e.</span> 
     </span>
     <span class='ocr_line' id='line_1_4' title="bbox 156 420 1148 504; baseline 0.001 -19"><span class='ocrx_word' id='word_1_24' title='bbox 156 440 177 485; x_wconf 83' lang='lat' dir='ltr'>c</span> <span class='ocrx_word' id='word_1_25' title='bbox 229 420 409 501; x_wconf 68' lang='lat' dir='ltr'>Erttpi&#39;ir</span> <span class='ocrx_word' id='word_1_26' title='bbox 450 420 1148 504; x_wconf 65' lang='lat' dir='ltr'>irit&#39;Apicineitpshirititiiaei&#39;xicsei</span> 
     </span>
     <span class='ocr_line' id='line_1_5' title="bbox 187 497 1151 586; baseline 0.006 -24"><span class='ocrx_word' id='word_1_27' title='bbox 187 500 288 580; x_wconf 65' lang='grc' dir='ltr'>ὅμοίως</span> <span class='ocrx_word' id='word_1_28' title='bbox 314 501 384 578; x_wconf 52' lang='lat' dir='ltr'>&amp;m</span> <span class='ocrx_word' id='word_1_29' title='bbox 410 498 516 585; x_wconf 67' lang='lat' dir='ltr'>ypiitiit</span> <span class='ocrx_word' id='word_1_30' title='bbox 539 501 589 563; x_wconf 85' lang='lat' dir='ltr'>iiiii</span> <span class='ocrx_word' id='word_1_31' title='bbox 616 497 782 580; x_wconf 73' lang='lat' dir='ltr'>petiiset,</span> <span class='ocrx_word' id='word_1_32' title='bbox 807 506 893 565; x_wconf 79' lang='lat' dir='ltr'>ritui</span> <span class='ocrx_word' id='word_1_33' title='bbox 917 504 951 565; x_wconf 71' lang='lat' dir='ltr'>si</span> <span class='ocrx_word' id='word_1_34' title='bbox 977 502 1100 586; x_wconf 74' lang='lat' dir='ltr'>diripitis</span> <span class='ocrx_word' id='word_1_35' title='bbox 1136 528 1151 568; x_wconf 79' lang='lat' dir='ltr'>r</span> 
     </span>
     <span class='ocr_line' id='line_1_6' title="bbox 187 528 1151 665; baseline 0.005 -23"><span class='ocrx_word' id='word_1_36' title='bbox 187 582 291 660; x_wconf 69' lang='grc' dir='ltr'>ὅμοίως</span> <span class='ocrx_word' id='word_1_37' title='bbox 305 585 354 645; x_wconf 77' lang='lat' dir='ltr'>itai</span> <span class='ocrx_word' id='word_1_38' title='bbox 377 584 527 665; x_wconf 69' lang='grc' dir='ltr'>ἀργίας.</span> <span class='ocrx_word' id='word_1_39' title='bbox 550 584 598 644; x_wconf 93' lang='lat' dir='ltr'>Ad</span> <span class='ocrx_word' id='word_1_40' title='bbox 619 586 697 645; x_wconf 87' lang='lat' dir='ltr'>hunc</span> <span class='ocrx_word' id='word_1_41' title='bbox 712 585 812 646; x_wconf 89' lang='lat' dir='ltr'>locum</span> <span class='ocrx_word' id='word_1_42' title='bbox 837 585 917 646; x_wconf 89' lang='lat' dir='ltr'>nulla</span> <span class='ocrx_word' id='word_1_43' title='bbox 933 585 1025 647; x_wconf 85' lang='lat' dir='ltr'>eislai</span> <span class='ocrx_word' id='word_1_44' title='bbox 1049 528 1151 665; x_wconf 61' lang='lat' dir='ltr'>Cadist-</span> 
     </span>
     <span class='ocr_line' id='line_1_7' title="bbox 187 664 1152 747; baseline 0.001 -22"><span class='ocrx_word' id='word_1_45' title='bbox 187 666 250 725; x_wconf 78' lang='lat' dir='ltr'>iniii</span> <span class='ocrx_word' id='word_1_46' title='bbox 273 664 496 726; x_wconf 85' lang='lat' dir='ltr'>animadversio.</span> <span class='ocrx_word' id='word_1_47' title='bbox 532 665 625 745; x_wconf 86' lang='lat' dir='ltr'>Atqui</span> <span class='ocrx_word' id='word_1_48' title='bbox 642 666 718 725; x_wconf 87' lang='lat' dir='ltr'>idem</span> <span class='ocrx_word' id='word_1_49' title='bbox 740 684 860 739; x_wconf 88' lang='lat' dir='ltr'>tamen,</span> <span class='ocrx_word' id='word_1_50' title='bbox 887 665 940 747; x_wconf 91' lang='lat' dir='ltr'>(ut</span> <span class='ocrx_word' id='word_1_51' title='bbox 961 668 996 727; x_wconf 93' lang='lat' dir='ltr'>ab</span> <span class='ocrx_word' id='word_1_52' title='bbox 1016 670 1073 728; x_wconf 90' lang='lat' dir='ltr'>hoc</span> <span class='ocrx_word' id='word_1_53' title='bbox 1093 667 1152 727; x_wconf 89' lang='lat' dir='ltr'>ini-</span> 
     </span>
     <span class='ocr_line' id='line_1_8' title="bbox 188 739 1149 829; baseline 0.003 -22"><span class='ocrx_word' id='word_1_54' title='bbox 188 746 266 807; x_wconf 88' lang='lat' dir='ltr'>tium</span> <span class='ocrx_word' id='word_1_55' title='bbox 279 745 405 827; x_wconf 81' lang='lat' dir='ltr'>faciant)</span> <span class='ocrx_word' id='word_1_56' title='bbox 419 745 488 809; x_wconf 90' lang='lat' dir='ltr'>loco</span> <span class='ocrx_word' id='word_1_57' title='bbox 501 745 622 807; x_wconf 88' lang='lat' dir='ltr'>istorum</span> <span class='ocrx_word' id='word_1_58' title='bbox 638 748 797 807; x_wconf 87' lang='lat' dir='ltr'>verborum</span> <span class='ocrx_word' id='word_1_59' title='bbox 810 739 905 824; x_wconf 75' lang='lat' dir='ltr'>ipiiur</span> <span class='ocrx_word' id='word_1_60' title='bbox 921 749 969 808; x_wconf 81' lang='lat' dir='ltr'>iiii</span> <span class='ocrx_word' id='word_1_61' title='bbox 987 749 1081 829; x_wconf 63' lang='lat' dir='ltr'>lippi</span> <span class='ocrx_word' id='word_1_62' title='bbox 1089 769 1110 807; x_wconf 81' lang='lat' dir='ltr'>ii</span> <span class='ocrx_word' id='word_1_63' title='bbox 1119 768 1149 823; x_wconf 83' lang='lat' dir='ltr'>r,</span> 
     </span>
     <span class='ocr_line' id='line_1_9' title="bbox 189 824 1242 907; baseline 0.003 -19"><span class='ocrx_word' id='word_1_64' title='bbox 189 824 244 888; x_wconf 71' lang='lat' dir='ltr'>sua</span> <span class='ocrx_word' id='word_1_65' title='bbox 266 828 460 901; x_wconf 68' lang='lat' dir='ltr'>audomare,</span> <span class='ocrx_word' id='word_1_66' title='bbox 488 845 602 907; x_wconf 91' lang='lat' dir='ltr'>praeter</span> <span class='ocrx_word' id='word_1_67' title='bbox 623 830 784 900; x_wconf 85' lang='lat' dir='ltr'>rationein,</span> <span class='ocrx_word' id='word_1_68' title='bbox 806 846 841 889; x_wconf 87' lang='lat' dir='ltr'>ac</span> <span class='ocrx_word' id='word_1_69' title='bbox 857 847 918 889; x_wconf 88' lang='lat' dir='ltr'>non</span> <span class='ocrx_word' id='word_1_70' title='bbox 937 829 1032 890; x_wconf 85' lang='lat' dir='ltr'>minus</span> <span class='ocrx_word' id='word_1_71' title='bbox 1047 847 1151 891; x_wconf 82' lang='lat' dir='ltr'>conire</span> <span class='ocrx_word' id='word_1_72' title='bbox 1238 893 1242 901; x_wconf 69' lang='grc'><strong><em>,</em></strong></span> 
     </span>
     <span class='ocr_line' id='line_1_10' title="bbox 191 906 1153 991; baseline 0 -20"><span class='ocrx_word' id='word_1_73' title='bbox 191 908 481 985; x_wconf 86' lang='lat' dir='ltr'>Xenophonteorum</span> <span class='ocrx_word' id='word_1_74' title='bbox 501 908 644 970; x_wconf 89' lang='lat' dir='ltr'>librorum</span> <span class='ocrx_word' id='word_1_75' title='bbox 667 906 776 979; x_wconf 77' lang='lat' dir='ltr'>sidem,</span> <span class='ocrx_word' id='word_1_76' title='bbox 801 928 889 988; x_wconf 88' lang='lat' dir='ltr'>quain</span> <span class='ocrx_word' id='word_1_77' title='bbox 910 927 1013 970; x_wconf 89' lang='lat' dir='ltr'>contra</span> <span class='ocrx_word' id='word_1_78' title='bbox 1031 911 1059 971; x_wconf 92' lang='lat' dir='ltr'>id</span> <span class='ocrx_word' id='word_1_79' title='bbox 1070 909 1153 991; x_wconf 89' lang='lat' dir='ltr'>quod</span> 
     </span>
     <span class='ocr_line' id='line_1_11' title="bbox 191 987 1152 1074; baseline 0.004 -26"><span class='ocrx_word' id='word_1_80' title='bbox 191 988 220 1048; x_wconf 92' lang='lat' dir='ltr'>in</span> <span class='ocrx_word' id='word_1_81' title='bbox 240 990 389 1050; x_wconf 83' lang='lat' dir='ltr'>Athenaei</span> <span class='ocrx_word' id='word_1_82' title='bbox 416 990 498 1050; x_wconf 80' lang='lat' dir='ltr'>libris</span> <span class='ocrx_word' id='word_1_83' title='bbox 516 1006 682 1068; x_wconf 86' lang='lat' dir='ltr'>repeterat,</span> <span class='ocrx_word' id='word_1_84' title='bbox 716 987 814 1064; x_wconf 72' lang='grc' dir='ltr'><strong><em>ὁμοίως</em></strong></span> <span class='ocrx_word' id='word_1_85' title='bbox 837 990 887 1049; x_wconf 80' lang='lat' dir='ltr'>iiiii</span> <span class='ocrx_word' id='word_1_86' title='bbox 912 991 1152 1074; x_wconf 69' lang='lat' dir='ltr'>aoeipaeppt‘iir</span> 
     </span>
     <span class='ocr_line' id='line_1_12' title="bbox 192 1069 1152 1152; baseline 0.002 -21"><span class='ocrx_word' id='word_1_87' title='bbox 192 1070 225 1131; x_wconf 90' lang='lat' dir='ltr'>in</span> <span class='ocrx_word' id='word_1_88' title='bbox 243 1069 297 1132; x_wconf 80' lang='lat' dir='ltr'>sua</span> <span class='ocrx_word' id='word_1_89' title='bbox 314 1069 448 1133; x_wconf 84' lang='lat' dir='ltr'>editione</span> <span class='ocrx_word' id='word_1_90' title='bbox 466 1069 571 1152; x_wconf 85' lang='lat' dir='ltr'>posuit.</span> <span class='ocrx_word' id='word_1_91' title='bbox 594 1070 671 1131; x_wconf 86' lang='lat' dir='ltr'>Nam</span> <span class='ocrx_word' id='word_1_92' title='bbox 692 1069 770 1150; x_wconf 89' lang='lat' dir='ltr'>apud</span> <span class='ocrx_word' id='word_1_93' title='bbox 800 1070 985 1131; x_wconf 76' lang='lat' dir='ltr'>Athenaeum</span> <span class='ocrx_word' id='word_1_94' title='bbox 1006 1092 1072 1132; x_wconf 91' lang='lat' dir='ltr'>cum</span> <span class='ocrx_word' id='word_1_95' title='bbox 1092 1070 1152 1133; x_wconf 85' lang='lat' dir='ltr'>edi·</span> 
     </span>
     <span class='ocr_line' id='line_1_13' title="bbox 192 1150 1152 1233; baseline 0.002 -22"><span class='ocrx_word' id='word_1_96' title='bbox 192 1152 288 1213; x_wconf 88' lang='lat' dir='ltr'>tiones</span> <span class='ocrx_word' id='word_1_97' title='bbox 307 1168 422 1212; x_wconf 77' lang='lat' dir='ltr'>veteres</span> <span class='ocrx_word' id='word_1_98' title='bbox 435 1152 512 1213; x_wconf 90' lang='lat' dir='ltr'>Ven.</span> <span class='ocrx_word' id='word_1_99' title='bbox 532 1153 560 1212; x_wconf 75' lang='lat' dir='ltr'>dt</span> <span class='ocrx_word' id='word_1_100' title='bbox 582 1150 646 1213; x_wconf 88' lang='lat' dir='ltr'>Bas.</span> <span class='ocrx_word' id='word_1_101' title='bbox 670 1169 733 1212; x_wconf 90' lang='lat' dir='ltr'>tuin</span> <span class='ocrx_word' id='word_1_102' title='bbox 750 1151 869 1213; x_wconf 81' lang='lat' dir='ltr'>codices</span> <span class='ocrx_word' id='word_1_103' title='bbox 893 1153 991 1225; x_wconf 78' lang='lat' dir='ltr'>misti,</span> <span class='ocrx_word' id='word_1_104' title='bbox 1010 1170 1070 1213; x_wconf 87' lang='lat' dir='ltr'>tani</span> <span class='ocrx_word' id='word_1_105' title='bbox 1089 1153 1152 1233; x_wconf 80' lang='lat' dir='ltr'>ple·</span> 
     </span>
     <span class='ocr_line' id='line_1_14' title="bbox 191 1232 1153 1395; baseline -0.001 -20"><span class='ocrx_word' id='word_1_106' title='bbox 191 1232 527 1376; x_wconf 51' lang='lat' dir='ltr'>illinitis</span> <span class='ocrx_word' id='word_1_107' title='bbox 541 1232 715 1394; x_wconf 59' lang='lat' dir='ltr'>illilus</span> <span class='ocrx_word' id='word_1_108' title='bbox 728 1232 1084 1395; x_wconf 56' lang='lat' dir='ltr'>{insulsius</span> <span class='ocrx_word' id='word_1_109' title='bbox 1095 1251 1153 1374; x_wconf 70' lang='lat' dir='ltr'>lit</span> 
     </span>
     <span class='ocr_line' id='line_1_15' title="bbox 191 1339 1155 1476; baseline 0.001 -21"><span class='ocrx_word' id='word_1_110' title='bbox 191 1396 277 1475; x_wconf 87' lang='lat' dir='ltr'>quod</span> <span class='ocrx_word' id='word_1_111' title='bbox 291 1397 323 1454; x_wconf 92' lang='lat' dir='ltr'>in</span> <span class='ocrx_word' id='word_1_112' title='bbox 336 1394 436 1457; x_wconf 89' lang='lat' dir='ltr'>noslro</span> <span class='ocrx_word' id='word_1_113' title='bbox 447 1397 562 1475; x_wconf 85' lang='lat' dir='ltr'>quidem</span> <span class='ocrx_word' id='word_1_114' title='bbox 579 1395 644 1455; x_wconf 91' lang='lat' dir='ltr'>cod.</span> <span class='ocrx_word' id='word_1_115' title='bbox 664 1394 739 1475; x_wconf 81' lang='lat' dir='ltr'>Epir.</span> <span class='ocrx_word' id='word_1_116' title='bbox 758 1389 881 1475; x_wconf 68' lang='grc' dir='ltr'>ἂργείας</span> <span class='ocrx_word' id='word_1_117' title='bbox 892 1339 952 1475; x_wconf 75' lang='grc' dir='ltr'>ρτοΡ</span> <span class='ocrx_word' id='word_1_118' title='bbox 963 1396 1070 1476; x_wconf 64' lang='grc' dir='ltr'>ἀργίας</span> <span class='ocrx_word' id='word_1_119' title='bbox 1086 1393 1155 1456; x_wconf 89' lang='lat' dir='ltr'>scri·</span> 
     </span>
     <span class='ocr_line' id='line_1_16' title="bbox 191 1473 1153 1558; baseline 0.001 -21"><span class='ocrx_word' id='word_1_120' title='bbox 191 1475 282 1537; x_wconf 80' lang='lat' dir='ltr'>bitur.</span> <span class='ocrx_word' id='word_1_121' title='bbox 305 1476 339 1536; x_wconf 93' lang='lat' dir='ltr'>ln</span> <span class='ocrx_word' id='word_1_122' title='bbox 358 1474 587 1557; x_wconf 85' lang='lat' dir='ltr'>Xenophonteis</span> <span class='ocrx_word' id='word_1_123' title='bbox 611 1473 694 1535; x_wconf 84' lang='lat' dir='ltr'>libris</span> <span class='ocrx_word' id='word_1_124' title='bbox 722 1483 783 1555; x_wconf 88' lang='lat' dir='ltr'>(ne</span> <span class='ocrx_word' id='word_1_125' title='bbox 806 1476 944 1555; x_wconf 77' lang='lat' dir='ltr'>Agesilao</span> <span class='ocrx_word' id='word_1_126' title='bbox 963 1477 1066 1558; x_wconf 81' lang='lat' dir='ltr'>Rege,</span> <span class='ocrx_word' id='word_1_127' title='bbox 1081 1494 1153 1558; x_wconf 75' lang='lat' dir='ltr'>pag.</span> 
     </span>
     <span class='ocr_line' id='line_1_17' title="bbox 195 1555 1153 1638; baseline 0.003 -23"><span class='ocrx_word' id='word_1_128' title='bbox 195 1560 262 1636; x_wconf 74' lang='lat'>526.</span> <span class='ocrx_word' id='word_1_129' title='bbox 275 1557 346 1618; x_wconf 84' lang='lat' dir='ltr'>edit.</span> <span class='ocrx_word' id='word_1_130' title='bbox 365 1556 450 1617; x_wconf 85' lang='lat' dir='ltr'>Baiil.</span> <span class='ocrx_word' id='word_1_131' title='bbox 469 1556 576 1635; x_wconf 56' lang='lat'>15⁶9)</span> <span class='ocrx_word' id='word_1_132' title='bbox 601 1572 683 1616; x_wconf 86' lang='lat' dir='ltr'>totus</span> <span class='ocrx_word' id='word_1_133' title='bbox 706 1557 791 1618; x_wconf 86' lang='lat' dir='ltr'>locus</span> <span class='ocrx_word' id='word_1_134' title='bbox 812 1555 849 1618; x_wconf 92' lang='lat' dir='ltr'>sic</span> <span class='ocrx_word' id='word_1_135' title='bbox 876 1576 1036 1637; x_wconf 82' lang='lat' dir='ltr'>conceptus</span> <span class='ocrx_word' id='word_1_136' title='bbox 1058 1560 1153 1638; x_wconf 72' lang='lat' dir='ltr'>vulgo</span> 
     </span>
     <span class='ocr_line' id='line_1_18' title="bbox 192 1631 1155 1721; baseline -0.001 -22"><span class='ocrx_word' id='word_1_137' title='bbox 192 1636 320 1719; x_wconf 72' lang='lat' dir='ltr'>iegitur:</span> <span class='ocrx_word' id='word_1_138' title='bbox 340 1636 462 1718; x_wconf 76' lang='lat' dir='ltr'>ii(scil.</span> <span class='ocrx_word' id='word_1_139' title='bbox 484 1631 676 1718; x_wconf 56' lang='lat' dir='ltr'>&#39;Apiirt&#39;noem</span> <span class='ocrx_word' id='word_1_140' title='bbox 689 1637 774 1713; x_wconf 68' lang='lat' dir='ltr'>pilis</span> <span class='ocrx_word' id='word_1_141' title='bbox 791 1639 843 1714; x_wconf 74' lang='lat' dir='ltr'>iiii</span> <span class='ocrx_word' id='word_1_142' title='bbox 852 1640 1044 1721; x_wconf 67' lang='grc' dir='ltr'>ἀποσχέσθαι</span> <span class='ocrx_word' id='word_1_143' title='bbox 1054 1637 1155 1715; x_wconf 59' lang='grc' dir='ltr'>ὁμοίως</span> 
     </span>
     <span class='ocr_line' id='line_1_19' title="bbox 192 1714 1154 1803; baseline 0.004 -26"><span class='ocrx_word' id='word_1_144' title='bbox 192 1715 382 1802; x_wconf 51' lang='lat' dir='ltr'>{tramittit</span> <span class='ocrx_word' id='word_1_145' title='bbox 397 1719 445 1778; x_wconf 80' lang='lat' dir='ltr'>titii</span> <span class='ocrx_word' id='word_1_146' title='bbox 456 1737 521 1779; x_wconf 71' lang='lat' dir='ltr'>nait</span> <span class='ocrx_word' id='word_1_147' title='bbox 531 1739 634 1798; x_wconf 73' lang='grc' dir='ltr'>μαργ</span> <span class='ocrx_word' id='word_1_148' title='bbox 644 1718 654 1777; x_wconf 86' lang='lat' dir='ltr'>s</span> <span class='ocrx_word' id='word_1_149' title='bbox 663 1740 684 1777; x_wconf 84' lang='lat' dir='ltr'>it</span> <span class='ocrx_word' id='word_1_150' title='bbox 697 1739 723 1792; x_wconf 81' lang='lat' dir='ltr'>r,</span> <span class='ocrx_word' id='word_1_151' title='bbox 736 1714 821 1779; x_wconf 73' lang='grc' dir='ltr'>σίτων</span> <span class='ocrx_word' id='word_1_152' title='bbox 830 1718 864 1780; x_wconf 73' lang='lat' dir='ltr'>di</span> <span class='ocrx_word' id='word_1_153' title='bbox 873 1718 1047 1803; x_wconf 70' lang='lat' dir='ltr'>tirripmitpiu</span> <span class='ocrx_word' id='word_1_154' title='bbox 1056 1714 1154 1796; x_wconf 69' lang='lat' dir='ltr'>dictiue</span> 
     </span>
     <span class='ocr_line' id='line_1_20' title="bbox 193 1796 1156 1882; baseline 0.003 -22"><span class='ocrx_word' id='word_1_155' title='bbox 193 1796 232 1860; x_wconf 70' lang='grc' dir='ltr'>ὃς</span> <span class='ocrx_word' id='word_1_156' title='bbox 246 1802 300 1860; x_wconf 83' lang='lat' dir='ltr'>triti</span> <span class='ocrx_word' id='word_1_157' title='bbox 320 1798 402 1879; x_wconf 70' lang='lat' dir='ltr'>lipia</span> <span class='ocrx_word' id='word_1_158' title='bbox 412 1824 426 1880; x_wconf 78' lang='grc' dir='ltr'><strong>ρ</strong></span> <span class='ocrx_word' id='word_1_159' title='bbox 438 1804 535 1861; x_wconf 77' lang='lat' dir='ltr'>titii.</span> <span class='ocrx_word' id='word_1_160' title='bbox 557 1799 723 1879; x_wconf 82' lang='lat' dir='ltr'>ibidemque</span> <span class='ocrx_word' id='word_1_161' title='bbox 740 1799 850 1872; x_wconf 75' lang='lat' dir='ltr'>inoti,</span> <span class='ocrx_word' id='word_1_162' title='bbox 867 1820 923 1880; x_wconf 89' lang='lat' dir='ltr'>pto</span> <span class='ocrx_word' id='word_1_163' title='bbox 939 1818 1083 1882; x_wconf 90' lang='lat' dir='ltr'>corrupto</span> <span class='ocrx_word' id='word_1_164' title='bbox 1100 1820 1156 1863; x_wconf 88' lang='lat' dir='ltr'>vo·</span> 
     </span>
     <span class='ocr_line' id='line_1_21' title="bbox 193 1878 1158 1961; baseline -0.002 -18"><span class='ocrx_word' id='word_1_165' title='bbox 193 1880 306 1943; x_wconf 84' lang='lat' dir='ltr'>cabulo</span> <span class='ocrx_word' id='word_1_166' title='bbox 318 1878 480 1961; x_wconf 59' lang='grc' dir='ltr'>ἱμερτῆς,</span> <span class='ocrx_word' id='word_1_167' title='bbox 500 1897 602 1942; x_wconf 90' lang='lat' dir='ltr'>notata</span> <span class='ocrx_word' id='word_1_168' title='bbox 615 1879 656 1940; x_wconf 83' lang='lat' dir='ltr'>esi</span> <span class='ocrx_word' id='word_1_169' title='bbox 675 1882 713 1940; x_wconf 89' lang='lat' dir='ltr'>ab</span> <span class='ocrx_word' id='word_1_170' title='bbox 730 1881 862 1954; x_wconf 85' lang='lat' dir='ltr'>editore,</span> <span class='ocrx_word' id='word_1_171' title='bbox 881 1901 917 1940; x_wconf 87' lang='lat' dir='ltr'>ex</span> <span class='ocrx_word' id='word_1_172' title='bbox 932 1882 989 1943; x_wconf 93' lang='lat' dir='ltr'>hoc</span> <span class='ocrx_word' id='word_1_173' title='bbox 1010 1879 1158 1942; x_wconf 77' lang='lat' dir='ltr'>Athenaei</span> 
     </span>
     <span class='ocr_line' id='line_1_22' title="bbox 194 1960 1155 2044; baseline -0.001 -20"><span class='ocrx_word' id='word_1_174' title='bbox 194 1960 289 2038; x_wconf 88' lang='lat' dir='ltr'>loco,</span> <span class='ocrx_word' id='word_1_175' title='bbox 305 1962 451 2041; x_wconf 89' lang='lat' dir='ltr'>scriptura</span> <span class='ocrx_word' id='word_1_176' title='bbox 468 1963 585 2044; x_wconf 71' lang='grc' dir='ltr'>ἀργίας.</span> <span class='ocrx_word' id='word_1_177' title='bbox 612 1960 721 2022; x_wconf 88' lang='lat' dir='ltr'>Totam</span> <span class='ocrx_word' id='word_1_178' title='bbox 737 1980 836 2022; x_wconf 85' lang='lat' dir='ltr'>autem</span> <span class='ocrx_word' id='word_1_179' title='bbox 851 1960 930 2023; x_wconf 85' lang='lat' dir='ltr'>iliam</span> <span class='ocrx_word' id='word_1_180' title='bbox 949 1962 1025 2037; x_wconf 90' lang='lat' dir='ltr'>apud</span> <span class='ocrx_word' id='word_1_181' title='bbox 1047 1962 1155 2023; x_wconf 76' lang='lat' dir='ltr'>Xeno-</span> 
     </span>
     <span class='ocr_line' id='line_1_23' title="bbox 194 2040 1157 2125; baseline 0.002 -23"><span class='ocrx_word' id='word_1_182' title='bbox 194 2044 339 2125; x_wconf 86' lang='lat' dir='ltr'>phontem</span> <span class='ocrx_word' id='word_1_183' title='bbox 356 2044 505 2124; x_wconf 79' lang='lat' dir='ltr'>vulgatam</span> <span class='ocrx_word' id='word_1_184' title='bbox 525 2042 692 2122; x_wconf 82' lang='lat' dir='ltr'>scripturam</span> <span class='ocrx_word' id='word_1_185' title='bbox 709 2041 811 2102; x_wconf 83' lang='lat' dir='ltr'>Editor</span> <span class='ocrx_word' id='word_1_186' title='bbox 827 2042 969 2102; x_wconf 86' lang='lat' dir='ltr'>Athenaei</span> <span class='ocrx_word' id='word_1_187' title='bbox 986 2040 1157 2104; x_wconf 68' lang='lat' dir='ltr'>basileensis</span> 
     </span>
     <span class='ocr_line' id='line_1_24' title="bbox 195 2121 1157 2202; baseline 0.001 -17"><span class='ocrx_word' id='word_1_188' title='bbox 195 2124 231 2185; x_wconf 81' lang='lat' dir='ltr'>ad</span> <span class='ocrx_word' id='word_1_189' title='bbox 252 2142 338 2185; x_wconf 90' lang='lat' dir='ltr'>oram</span> <span class='ocrx_word' id='word_1_190' title='bbox 354 2121 423 2185; x_wconf 89' lang='lat' dir='ltr'>suae</span> <span class='ocrx_word' id='word_1_191' title='bbox 439 2122 575 2185; x_wconf 83' lang='lat' dir='ltr'>editionis</span> <span class='ocrx_word' id='word_1_192' title='bbox 590 2124 753 2183; x_wconf 85' lang='lat' dir='ltr'>adnotavit.</span> <span class='ocrx_word' id='word_1_193' title='bbox 780 2122 842 2182; x_wconf 89' lang='lat' dir='ltr'>lam</span> <span class='ocrx_word' id='word_1_194' title='bbox 861 2122 892 2182; x_wconf 92' lang='lat' dir='ltr'>in</span> <span class='ocrx_word' id='word_1_195' title='bbox 910 2123 999 2202; x_wconf 88' lang='lat' dir='ltr'>priori</span> <span class='ocrx_word' id='word_1_196' title='bbox 1020 2123 1157 2186; x_wconf 88' lang='lat' dir='ltr'>membro</span> 
     </span>
     <span class='ocr_line' id='line_1_25' title="bbox 196 2202 1155 2286; baseline -0.003 -19"><span class='ocrx_word' id='word_1_197' title='bbox 196 2206 364 2276; x_wconf 88' lang='lat' dir='ltr'>orationis,</span> <span class='ocrx_word' id='word_1_198' title='bbox 385 2204 437 2265; x_wconf 90' lang='lat' dir='ltr'>ubi</span> <span class='ocrx_word' id='word_1_199' title='bbox 454 2202 667 2286; x_wconf 80' lang='lat' dir='ltr'>Xenophontei</span> <span class='ocrx_word' id='word_1_200' title='bbox 682 2202 746 2264; x_wconf 92' lang='lat' dir='ltr'>libri</span> <span class='ocrx_word' id='word_1_201' title='bbox 767 2204 815 2263; x_wconf 65' lang='grc' dir='ltr'>καὶ</span> <span class='ocrx_word' id='word_1_202' title='bbox 831 2203 1015 2285; x_wconf 66' lang='lat' dir='ltr'>irrumpier</span> <span class='ocrx_word' id='word_1_203' title='bbox 1027 2204 1155 2281; x_wconf 83' lang='lat' dir='ltr'>habent,</span> 
     </span>
     <span class='ocr_line' id='line_1_26' title="bbox 196 2284 1156 2365; baseline -0.002 -16"><span class='ocrx_word' id='word_1_204' title='bbox 196 2286 345 2349; x_wconf 76' lang='lat' dir='ltr'>Athenaei</span> <span class='ocrx_word' id='word_1_205' title='bbox 372 2285 439 2347; x_wconf 90' lang='lat' dir='ltr'>libri</span> <span class='ocrx_word' id='word_1_206' title='bbox 462 2304 537 2347; x_wconf 83' lang='lat' dir='ltr'>vero</span> <span class='ocrx_word' id='word_1_207' title='bbox 558 2285 609 2344; x_wconf 78' lang='lat' dir='ltr'>iiii</span> <span class='ocrx_word' id='word_1_208' title='bbox 634 2284 785 2359; x_wconf 69' lang='lat' dir='ltr'>patiar,</span> <span class='ocrx_word' id='word_1_209' title='bbox 807 2302 866 2343; x_wconf 87' lang='lat' dir='ltr'>tion</span> <span class='ocrx_word' id='word_1_210' title='bbox 886 2284 1013 2365; x_wconf 88' lang='lat' dir='ltr'>praecise</span> <span class='ocrx_word' id='word_1_211' title='bbox 1032 2284 1156 2347; x_wconf 88' lang='lat' dir='ltr'>desinire</span> 
     </span>
     <span class='ocr_line' id='line_1_27' title="bbox 197 2364 1157 2459; baseline -0.004 -29"><span class='ocrx_word' id='word_1_212' title='bbox 197 2366 361 2450; x_wconf 85' lang='lat' dir='ltr'>praesumo</span> <span class='ocrx_word' id='word_1_213' title='bbox 377 2384 444 2428; x_wconf 89' lang='lat' dir='ltr'>utra</span> <span class='ocrx_word' id='word_1_214' title='bbox 463 2365 602 2446; x_wconf 89' lang='lat' dir='ltr'>scriptura</span> <span class='ocrx_word' id='word_1_215' title='bbox 625 2383 695 2425; x_wconf 86' lang='lat' dir='ltr'>veta</span> <span class='ocrx_word' id='word_1_216' title='bbox 721 2364 777 2426; x_wconf 86' lang='lat' dir='ltr'>sit:</span> <span class='ocrx_word' id='word_1_217' title='bbox 799 2364 869 2426; x_wconf 89' lang='lat' dir='ltr'>illud</span> <span class='ocrx_word' id='word_1_218' title='bbox 887 2365 1006 2459; x_wconf 77' lang='lat' dir='ltr'>quidem</span> <span class='ocrx_word' id='word_1_219' title='bbox 1025 2365 1157 2427; x_wconf 78' lang='lat' dir='ltr'>satiead·</span> 
     </span>
     <span class='ocr_line' id='line_1_28' title="bbox 197 2439 1158 2530; baseline -0.002 -19"><span class='ocrx_word' id='word_1_220' title='bbox 197 2466 296 2530; x_wconf 80' lang='lat' dir='ltr'>paret,</span> <span class='ocrx_word' id='word_1_221' title='bbox 313 2466 433 2528; x_wconf 83' lang='lat' dir='ltr'>perapte</span> <span class='ocrx_word' id='word_1_222' title='bbox 446 2447 498 2509; x_wconf 84' lang='lat' dir='ltr'>rit</span> <span class='ocrx_word' id='word_1_223' title='bbox 514 2445 595 2527; x_wconf 73' lang='lat' dir='ltr'>print</span> <span class='ocrx_word' id='word_1_224' title='bbox 605 2463 672 2508; x_wconf 88' lang='lat' dir='ltr'>cum</span> <span class='ocrx_word' id='word_1_225' title='bbox 686 2439 773 2521; x_wconf 69' lang='lat' dir='ltr'>persp</span> <span class='ocrx_word' id='word_1_226' title='bbox 784 2443 928 2517; x_wconf 76' lang='lat' dir='ltr'>conserti:</span> <span class='ocrx_word' id='word_1_227' title='bbox 950 2446 980 2508; x_wconf 77' lang='lat' dir='ltr'>bi</span> <span class='ocrx_word' id='word_1_228' title='bbox 992 2446 1079 2508; x_wconf 74' lang='lat' dir='ltr'>facile</span> <span class='ocrx_word' id='word_1_229' title='bbox 1093 2466 1158 2510; x_wconf 88' lang='lat' dir='ltr'>cre·</span> 
     </span>
     <span class='ocr_line' id='line_1_29' title="bbox 198 2525 1157 2609; baseline 0.002 -20"><span class='ocrx_word' id='word_1_230' title='bbox 198 2530 228 2591; x_wconf 87' lang='lat' dir='ltr'>di</span> <span class='ocrx_word' id='word_1_231' title='bbox 253 2528 369 2609; x_wconf 88' lang='lat' dir='ltr'>potesi,</span> <span class='ocrx_word' id='word_1_232' title='bbox 393 2529 578 2589; x_wconf 83' lang='lat' dir='ltr'>Athenaeum</span> <span class='ocrx_word' id='word_1_233' title='bbox 604 2529 633 2587; x_wconf 93' lang='lat' dir='ltr'>in</span> <span class='ocrx_word' id='word_1_234' title='bbox 660 2525 713 2588; x_wconf 91' lang='lat' dir='ltr'>suo</span> <span class='ocrx_word' id='word_1_235' title='bbox 738 2526 958 2606; x_wconf 88' lang='lat' dir='ltr'>Xenophonteo</span> <span class='ocrx_word' id='word_1_236' title='bbox 984 2530 1087 2590; x_wconf 89' lang='lat' dir='ltr'>codice</span> <span class='ocrx_word' id='word_1_237' title='bbox 1104 2529 1157 2591; x_wconf 76' lang='lat' dir='ltr'>iiii</span> 
     </span>
     <span class='ocr_line' id='line_1_30' title="bbox 198 2607 1158 2689; baseline 0.003 -18"><span class='ocrx_word' id='word_1_238' title='bbox 198 2614 305 2688; x_wconf 71' lang='grc' dir='ltr'><strong><em>μυίας</em></strong></span> <span class='ocrx_word' id='word_1_239' title='bbox 324 2609 464 2687; x_wconf 89' lang='lat' dir='ltr'>scriptum</span> <span class='ocrx_word' id='word_1_240' title='bbox 482 2607 635 2689; x_wconf 88' lang='lat' dir='ltr'>reperisse:</span> <span class='ocrx_word' id='word_1_241' title='bbox 659 2608 741 2669; x_wconf 89' lang='lat' dir='ltr'>simul</span> <span class='ocrx_word' id='word_1_242' title='bbox 761 2626 837 2668; x_wconf 85' lang='lat' dir='ltr'>vero</span> <span class='ocrx_word' id='word_1_243' title='bbox 854 2607 1019 2683; x_wconf 88' lang='lat' dir='ltr'>fatendum,</span> <span class='ocrx_word' id='word_1_244' title='bbox 1040 2612 1158 2674; x_wconf 88' lang='lat' dir='ltr'>tatione</span> 
     </span>
     <span class='ocr_line' id='line_1_31' title="bbox 200 2687 1159 2782; baseline 0.001 -30"><span class='ocrx_word' id='word_1_245' title='bbox 200 2710 262 2753; x_wconf 90' lang='lat' dir='ltr'>non</span> <span class='ocrx_word' id='word_1_246' title='bbox 279 2691 391 2753; x_wconf 86' lang='lat' dir='ltr'>desiitui</span> <span class='ocrx_word' id='word_1_247' title='bbox 405 2690 486 2751; x_wconf 84' lang='lat' dir='ltr'>illam</span> <span class='ocrx_word' id='word_1_248' title='bbox 502 2692 577 2769; x_wconf 89' lang='lat' dir='ltr'>apud</span> <span class='ocrx_word' id='word_1_249' title='bbox 596 2688 825 2782; x_wconf 80' lang='lat' dir='ltr'>Xenophontem</span> <span class='ocrx_word' id='word_1_250' title='bbox 851 2687 1039 2770; x_wconf 81' lang='lat' dir='ltr'>scripturam,</span> <span class='ocrx_word' id='word_1_251' title='bbox 1060 2712 1120 2773; x_wconf 85' lang='lat' dir='ltr'>qua</span> <span class='ocrx_word' id='word_1_252' title='bbox 1140 2693 1159 2758; x_wconf 87' lang='lat' dir='ltr'>ii</span> 
     </span>
     <span class='ocr_line' id='line_1_32' title="bbox 200 2768 1159 2855; baseline 0.001 -23"><span class='ocrx_word' id='word_1_253' title='bbox 200 2771 267 2850; x_wconf 66' lang='grc' dir='ltr'>μέθη</span> <span class='ocrx_word' id='word_1_254' title='bbox 285 2794 353 2835; x_wconf 91' lang='lat' dir='ltr'>cunt</span> <span class='ocrx_word' id='word_1_255' title='bbox 371 2770 409 2846; x_wconf 65' lang='lat' dir='ltr'>rii</span> <span class='ocrx_word' id='word_1_256' title='bbox 426 2768 591 2852; x_wconf 68' lang='lat' dir='ltr'>noeiuoepyt‘p</span> <span class='ocrx_word' id='word_1_257' title='bbox 617 2772 742 2848; x_wconf 75' lang='lat' dir='ltr'>(cinctas</span> <span class='ocrx_word' id='word_1_258' title='bbox 761 2790 829 2831; x_wconf 87' lang='lat' dir='ltr'>cum</span> <span class='ocrx_word' id='word_1_259' title='bbox 848 2771 987 2832; x_wconf 77' lang='lat' dir='ltr'>voracitate</span> <span class='ocrx_word' id='word_1_260' title='bbox 1001 2775 1042 2833; x_wconf 77' lang='lat' dir='ltr'>urs</span> <span class='ocrx_word' id='word_1_261' title='bbox 1057 2777 1159 2855; x_wconf 69' lang='lat' dir='ltr'>gulosi·</span> 
     </span>
     <span class='ocr_line' id='line_1_33' title="bbox 202 2849 1188 2934; baseline 0.001 -20"><span class='ocrx_word' id='word_1_262' title='bbox 202 2854 274 2934; x_wconf 80' lang='lat' dir='ltr'>tarr)</span> <span class='ocrx_word' id='word_1_263' title='bbox 296 2853 374 2914; x_wconf 90' lang='lat' dir='ltr'>haud</span> <span class='ocrx_word' id='word_1_264' title='bbox 391 2852 457 2914; x_wconf 89' lang='lat' dir='ltr'>sane</span> <span class='ocrx_word' id='word_1_265' title='bbox 476 2853 665 2913; x_wconf 84' lang='lat' dir='ltr'>incommode</span> <span class='ocrx_word' id='word_1_266' title='bbox 677 2849 836 2913; x_wconf 85' lang='lat' dir='ltr'>confertur.</span> <span class='ocrx_word' id='word_1_267' title='bbox 857 2852 953 2926; x_wconf 83' lang='lat' dir='ltr'>At,si</span> <span class='ocrx_word' id='word_1_268' title='bbox 972 2855 1075 2933; x_wconf 82' lang='lat' dir='ltr'>(quod</span> <span class='ocrx_word' id='word_1_269' title='bbox 1095 2854 1160 2915; x_wconf 76' lang='lat' dir='ltr'>CA·</span> <span class='ocrx_word' id='word_1_270' title='bbox 1184 2868 1188 2875; x_wconf 84' lang='lat'><em>&#39;</em></span> 
     </span>
     <span class='ocr_line' id='line_1_34' title="bbox 204 2932 1159 3013; baseline 0.003 -19"><span class='ocrx_word' id='word_1_271' title='bbox 204 2950 383 2997; x_wconf 72' lang='lat' dir='ltr'>siuuouus</span> <span class='ocrx_word' id='word_1_272' title='bbox 402 2932 495 3013; x_wconf 83' lang='lat' dir='ltr'>fecit)</span> <span class='ocrx_word' id='word_1_273' title='bbox 513 2935 607 3013; x_wconf 89' lang='lat' dir='ltr'>priori</span> <span class='ocrx_word' id='word_1_274' title='bbox 625 2933 694 2993; x_wconf 89' lang='lat' dir='ltr'>loco</span> <span class='ocrx_word' id='word_1_275' title='bbox 713 2952 813 2993; x_wconf 83' lang='lat' dir='ltr'>teneas</span> <span class='ocrx_word' id='word_1_276' title='bbox 824 2933 965 2995; x_wconf 84' lang='lat' dir='ltr'>Athenaei</span> <span class='ocrx_word' id='word_1_277' title='bbox 987 2933 1159 3013; x_wconf 82' lang='lat' dir='ltr'>scripturam</span> 
     </span>
     <span class='ocr_line' id='line_1_35' title="bbox 204 3013 1162 3095; baseline 0.001 -18"><span class='ocrx_word' id='word_1_278' title='bbox 204 3018 331 3093; x_wconf 70' lang='lat' dir='ltr'>parier,</span> <span class='ocrx_word' id='word_1_279' title='bbox 345 3014 499 3095; x_wconf 83' lang='lat' dir='ltr'>posteriori</span> <span class='ocrx_word' id='word_1_280' title='bbox 516 3033 590 3072; x_wconf 83' lang='lat' dir='ltr'>veto</span> <span class='ocrx_word' id='word_1_281' title='bbox 604 3013 673 3075; x_wconf 92' lang='lat' dir='ltr'>loco</span> <span class='ocrx_word' id='word_1_282' title='bbox 694 3033 749 3093; x_wconf 91' lang='lat' dir='ltr'>pto</span> <span class='ocrx_word' id='word_1_283' title='bbox 763 3015 889 3094; x_wconf 71' lang='grc' dir='ltr'>ἀργίας,</span> <span class='ocrx_word' id='word_1_284' title='bbox 908 3016 987 3094; x_wconf 89' lang='lat' dir='ltr'>quod</span> <span class='ocrx_word' id='word_1_285' title='bbox 1006 3015 1072 3076; x_wconf 85' lang='lat' dir='ltr'>libri</span> <span class='ocrx_word' id='word_1_286' title='bbox 1090 3035 1162 3078; x_wconf 84' lang='lat' dir='ltr'>otti·</span> 
     </span>
     <span class='ocr_line' id='line_1_36' title="bbox 206 3094 1161 3175; baseline 0.004 -19"><span class='ocrx_word' id='word_1_287' title='bbox 206 3115 255 3158; x_wconf 83' lang='lat' dir='ltr'>nes</span> <span class='ocrx_word' id='word_1_288' title='bbox 275 3097 404 3166; x_wconf 82' lang='lat' dir='ltr'>hahent,</span> <span class='ocrx_word' id='word_1_289' title='bbox 434 3103 614 3175; x_wconf 65' lang='lat' dir='ltr'>harpam-pier</span> <span class='ocrx_word' id='word_1_290' title='bbox 635 3113 745 3172; x_wconf 84' lang='lat' dir='ltr'>ponus,</span> <span class='ocrx_word' id='word_1_291' title='bbox 774 3094 845 3172; x_wconf 81' lang='lat' dir='ltr'>quid</span> <span class='ocrx_word' id='word_1_292' title='bbox 863 3095 930 3154; x_wconf 90' lang='lat' dir='ltr'>inde</span> <span class='ocrx_word' id='word_1_293' title='bbox 945 3094 1082 3173; x_wconf 79' lang='lat' dir='ltr'>lucraris,</span> <span class='ocrx_word' id='word_1_294' title='bbox 1105 3097 1161 3161; x_wconf 81' lang='lat' dir='ltr'>nisi</span> 
     </span>
     <span class='ocr_line' id='line_1_37' title="bbox 207 3173 1160 3259; baseline 0.002 -21"><span class='ocrx_word' id='word_1_295' title='bbox 207 3196 238 3238; x_wconf 89' lang='lat' dir='ltr'>tit</span> <span class='ocrx_word' id='word_1_296' title='bbox 255 3178 488 3259; x_wconf 83' lang='lat' dir='ltr'>Xenophontem</span> <span class='ocrx_word' id='word_1_297' title='bbox 510 3195 561 3235; x_wconf 89' lang='lat' dir='ltr'>aut</span> <span class='ocrx_word' id='word_1_298' title='bbox 576 3175 740 3255; x_wconf 81' lang='lat' dir='ltr'>Agesilaum</span> <span class='ocrx_word' id='word_1_299' title='bbox 760 3173 956 3236; x_wconf 81' lang='lat' dir='ltr'>absurdissime</span> <span class='ocrx_word' id='word_1_300' title='bbox 976 3178 1160 3257; x_wconf 86' lang='lat' dir='ltr'>praecipien-</span> 
     </span>
     <span class='ocr_line' id='line_1_38' title="bbox 209 3255 1161 3338; baseline 0.002 -19"><span class='ocrx_word' id='word_1_301' title='bbox 209 3258 392 3330; x_wconf 70' lang='lat' dir='ltr'>tensanus,</span> <span class='ocrx_word' id='word_1_302' title='bbox 415 3256 668 3338; x_wconf 71' lang='lat' dir='ltr'>gulositatem</span> <span class='ocrx_word' id='word_1_303' title='bbox 689 3258 849 3335; x_wconf 79' lang='lat' dir='ltr'>haudseciis</span> <span class='ocrx_word' id='word_1_304' title='bbox 868 3255 1161 3338; x_wconf 73' lang='lat' dir='ltr'>argulosi&#39;rarrm</span> 
     </span>
     <span class='ocr_line' id='line_1_39' title="bbox 210 3332 1164 3420; baseline 0.005 -21"><span class='ocrx_word' id='word_1_305' title='bbox 210 3340 253 3419; x_wconf 80' lang='lat' dir='ltr'>effe</span> <span class='ocrx_word' id='word_1_306' title='bbox 264 3340 442 3420; x_wconf 73' lang='lat' dir='ltr'>fugiendam?</span> <span class='ocrx_word' id='word_1_307' title='bbox 468 3338 546 3399; x_wconf 80' lang='lat' dir='ltr'>Nam</span> <span class='ocrx_word' id='word_1_308' title='bbox 565 3342 637 3398; x_wconf 75' lang='lat' dir='ltr'>ciret</span> <span class='ocrx_word' id='word_1_309' title='bbox 652 3332 811 3418; x_wconf 63' lang='lat' dir='ltr'>diripiamur</span> <span class='ocrx_word' id='word_1_310' title='bbox 834 3336 940 3416; x_wconf 80' lang='lat' dir='ltr'>(five,</span> <span class='ocrx_word' id='word_1_311' title='bbox 963 3355 1024 3399; x_wconf 79' lang='lat' dir='ltr'>uta</span> <span class='ocrx_word' id='word_1_312' title='bbox 1047 3342 1085 3402; x_wconf 90' lang='lat' dir='ltr'>ud</span> <span class='ocrx_word' id='word_1_313' title='bbox 1100 3342 1164 3404; x_wconf 86' lang='lat' dir='ltr'>Xe·</span> 
     </span>
     <span class='ocr_line' id='line_1_40' title="bbox 211 3358 1161 3500; baseline 0.005 -21"><span class='ocrx_word' id='word_1_314' title='bbox 211 3438 249 3479; x_wconf 91' lang='lat' dir='ltr'>no</span> <span class='ocrx_word' id='word_1_315' title='bbox 272 3426 302 3482; x_wconf 89' lang='lat' dir='ltr'>li.</span> <span class='ocrx_word' id='word_1_316' title='bbox 321 3419 473 3495; x_wconf 83' lang='lat' dir='ltr'>scribitur,</span> <span class='ocrx_word' id='word_1_317' title='bbox 494 3415 568 3496; x_wconf 71' lang='grc' dir='ltr'><strong>ὑπὲρ.</strong></span> <span class='ocrx_word' id='word_1_318' title='bbox 582 3418 695 3498; x_wconf 66' lang='lat' dir='ltr'>ncipit)</span> <span class='ocrx_word' id='word_1_319' title='bbox 710 3418 778 3497; x_wconf 87' lang='lat' dir='ltr'>quid</span> <span class='ocrx_word' id='word_1_320' title='bbox 797 3418 911 3500; x_wconf 86' lang='lat' dir='ltr'>quaeso</span> <span class='ocrx_word' id='word_1_321' title='bbox 924 3417 990 3481; x_wconf 90' lang='lat' dir='ltr'>sunt</span> <span class='ocrx_word' id='word_1_322' title='bbox 1009 3358 1087 3481; x_wconf 73' lang='lat' dir='ltr'>ahud</span> <span class='ocrx_word' id='word_1_323' title='bbox 1107 3423 1161 3484; x_wconf 91' lang='lat' dir='ltr'>nisi</span> 
     </span>
     <span class='ocr_line' id='line_1_41' title="bbox 213 3500 1166 3587; baseline 0.006 -28"><span class='ocrx_word' id='word_1_324' title='bbox 213 3500 239 3576; x_wconf 93' lang='lat' dir='ltr'>ip</span> <span class='ocrx_word' id='word_1_325' title='bbox 286 3505 470 3581; x_wconf 58' lang='lat' dir='ltr'>iaipappi&#39;ii,</span> <span class='ocrx_word' id='word_1_326' title='bbox 490 3500 633 3578; x_wconf 60' lang='lat' dir='ltr'>palomar,</span> <span class='ocrx_word' id='word_1_327' title='bbox 652 3501 804 3558; x_wconf 72' lang='lat' dir='ltr'>voracitas?</span> <span class='ocrx_word' id='word_1_328' title='bbox 824 3501 864 3558; x_wconf 87' lang='lat' dir='ltr'>At</span> <span class='ocrx_word' id='word_1_329' title='bbox 884 3518 1003 3580; x_wconf 86' lang='lat' dir='ltr'>perapte</span> <span class='ocrx_word' id='word_1_330' title='bbox 1025 3505 1166 3587; x_wconf 80' lang='lat' dir='ltr'>praecipi·</span> 
     </span>
     <span class='ocr_line' id='line_1_42' title="bbox 214 3579 1163 3724; baseline -0.008 -80"><span class='ocrx_word' id='word_1_331' title='bbox 214 3595 275 3658; x_wconf 73' lang='lat' dir='ltr'>tur,</span> <span class='ocrx_word' id='word_1_332' title='bbox 295 3584 456 3646; x_wconf 76' lang='lat' dir='ltr'>immodicum</span> <span class='ocrx_word' id='word_1_333' title='bbox 470 3582 554 3644; x_wconf 81' lang='lat' dir='ltr'>cibum</span> <span class='ocrx_word' id='word_1_334' title='bbox 574 3582 646 3640; x_wconf 75' lang='lat' dir='ltr'>laid</span> <span class='ocrx_word' id='word_1_335' title='bbox 658 3579 735 3662; x_wconf 72' lang='lat' dir='ltr'>ficiis</span> <span class='ocrx_word' id='word_1_336' title='bbox 746 3580 959 3724; x_wconf 39' lang='lat' dir='ltr'>fui‘mmggs‘</span> <span class='ocrx_word' id='word_1_337' title='bbox 976 3600 1054 3662; x_wconf 78' lang='lat' dir='ltr'>atquc</span> <span class='ocrx_word' id='word_1_338' title='bbox 1073 3587 1163 3647; x_wconf 82' lang='lat' dir='ltr'>i&#39;riir.</span> 
     </span>
    </p>
   </div>
   <div class='ocr_carea' id='block_1_3' title="bbox 0 0 1371 4726">
    <p class='ocr_par' dir='ltr' id='par_1_3' title="bbox 0 0 1371 4726">
     <span class='ocr_line' id='line_1_43' title="bbox 0 0 1371 4726; baseline 0 0"><span class='ocrx_word' id='word_1_339' title='bbox 0 0 1371 4726; x_wconf 95' lang='lat' dir='ltr'> </span> 
     </span>
    </p>
   </div>
  </div>
 </body>
</html>
