2656 4726
248 399 291 473 ‚⁴
427 345 637 456 amarant.
659 386 702 455 nt
723 345 1001 457 atneuaauu.
1097 408 1115 478 q

247 539 293 620 ,nr
310 530 347 624 p*
368 537 541 619 particulam
572 536 728 623 polleriorl
756 533 824 599 loeo
850 533 956 600 lterum
981 532 1115 600 lnttusart

246 621 383 702 ignorent
402 637 517 683 veteres
533 622 737 691 membranae,
772 618 879 681 eodem
900 618 993 681 morlo
1008 619 1041 681 itt
1056 617 1100 681 bia

249 715 297 762 tur
314 701 364 763 ille
382 700 503 776 versus,
523 712 557 762 ut
573 701 650 762 libro
663 699 749 762 Vlll.
768 703 835 783 pag.
850 702 915 778 363.
926 719 953 761 c.
972 717 1071 794 neque
1085 699 1115 761 al

251 784 346 845 rlicini
360 782 480 864 egebat,
499 781 552 844 nist
570 790 605 843 tlt
616 784 646 841 in
661 780 786 843 εἰσιόντα
800 782 955 842 elideretur
974 781 1078 842 ultima
1090 802 1115 843 v·

255 886 258 891 ·
294 866 433 925 Secundus
451 865 478 925 a
493 866 584 923 sertitts
603 862 692 942 versis
705 882 800 946 quum
821 859 861 925 be
881 860 979 945 scripti
994 862 1115 946 legere·

336 943 415 1027 ’τύχῃ
437 964 483 1005 att
498 941 573 1024 iperii
589 940 793 1017 ltoaoietvatv,
813 943 829 1006 ti

335 1021 502 1098 aaaeqt'anc’
522 1018 589 1110 σῦχὶ
608 1022 802 1101 συμπιέσασα
816 1026 848 1085 ab
863 1021 961 1098 στὸμα
971 1043 992 1086 2·

253 1109 297 1171 nil
315 1108 395 1169 aliud
417 1107 572 1169 adnotavit
596 1107 699 1169 doilus
728 1105 973 1180 Animadversor,
994 1105 1073 1168 nisit
1103 1124 1115 1164 a

254 1191 353 1249 „terrio
371 1188 434 1269 lege
453 1183 643 1268 mreqsmm,
668 1208 729 1249 non
753 1180 971 1264 altrepiam«
992 1214 1029 1235 -ι-
1066 1188 1111 1251 At

253 1270 353 1332 aorisli
370 1266 538 1332 formam'in
561 1272 618 1332 lroc
644 1273 737 1331 verbo
758 1284 916 1348 numquam
941 1267 1052 1331 Graeci
1070 1269 1115 1332 ser

254 1352 322 1414 usus
335 1353 498 1430 agnoverit.
520 1352 599 1412 Dein
614 1345 807 1427 merolanam
817 1370 884 1413 cunt
896 1371 909 1412 r
921 1350 1001 1411 litera
1012 1351 1043 1411 in
1059 1349 1115 1413 lior

253 1452 287 1496 ut
301 1436 446 1507 aplanen,
465 1433 548 1494 Vlll.
563 1433 687 1515 363·⁰=)
705 1432 842 1494 scribitur
858 1433 888 1492 in
907 1433 1107 1494 membranis:

253 1515 275 1576 st
288 1514 440 1595 sequamur
452 1514 617 1596 scripturam
629 1555 639 1590 ,
652 1513 760 1575 suerint
773 1515 846 1574 duae
858 1514 968 1594 priores
980 1511 1115 1592 syllabae

254 1597 337 1658 verbi
355 1596 495 1677 superiori
517 1595 614 1657 versui
630 1594 825 1668 adiciendae,
842 1613 874 1655 ut
890 1593 1037 1656 secundus
1054 1593 1113 1657 nei

252 1679 268 1738 ii
289 1677 362 1738 aare
374 1710 409 1750 -,
423 1679 509 1736 tertius
528 1695 604 1737 vero
624 1694 640 1736 a
657 1678 777 1749 osannae
798 1675 933 1756 incipian
953 1694 1042 1756 qnam
1067 1692 1115 1737 ret

251 1758 447 1820 anaescmo
459 1759 486 1817 in
503 1758 632 1821 Dilucid.
653 1758 793 1836 Thucyd.
809 1775 875 1838 pag.
891 1756 939 1817 81.
958 1758 1114 1837 probaram

251 1838 391 1920 intelligo.
414 1842 454 1900 Ar
476 1841 545 1900 milri
565 1840 682 1920 quidem
705 1843 759 1921 (ut
783 1838 874 1920 paulo
900 1836 989 1897 etiam
1007 1854 1079 1900 ante
1098 1858 1115 1923 p

252 1917 298 1981 sus
320 1917 408 1999 sum)
432 1937 493 1981 non
515 1922 658 2001 probatur
678 1922 706 1981 in
725 1920 832 1982 comici
861 1923 966 1997 poetae
985 1919 1091 1982 iambis

250 2002 376 2063 verbum
397 2002 437 2063 ita
463 2002 635 2083 discerptum
657 2002 773 2063 duobus
796 2001 919 2061 attribui
941 1998 1100 2062 versibust

250 2101 349 2145 tamen
364 2102 427 2144 eam
444 2081 633 2164 scripturam,
651 2100 704 2145 net
719 2080 835 2162 prorsus
845 2083 998 2161 antiquare
1013 2082 1115 2159 volui,

248 2164 324 2248 niam
344 2162 396 2226 sub
408 2183 442 2225 ea
457 2163 576 2224 sortasle
597 2164 676 2226 aliud
695 2165 764 2244 quid
785 2164 874 2224 latere
892 2160 992 2241 possit:
1021 2164 1108 2225 verbi

248 2242 277 2305 sa
297 2248 369 2307 tiae
388 2267 447 2320 aa,
467 2246 497 2306 a
515 2246 580 2306 dein
594 2240 735 2331 {osanam
752 2244 944 2324 Quamquam
959 2244 1035 2303 baud
1051 2242 1115 2307 satia

248 2344 287 2386 an
303 2327 481 2388 Homericae
492 2328 618 2389 voculae
636 2329 691 2388 riae
705 2328 734 2386 in
752 2323 939 2387 Atheniensis
949 2325 1058 2387 comici
1074 2344 1115 2388 ve

246 2405 334 2469 suerit
351 2409 452 2470 locus:
476 2427 636 2490 quaecum
657 2410 732 2469 idem
752 2407 847 2466 valeat
870 2426 905 2468 ac
923 2405 1038 2489 apinae,
1067 2404 1115 2470 in*

247 2487 357 2565 ἡρέμα,
374 2487 492 2551 sortasse
509 2509 544 2550 ne
565 2490 631 2551 saris
647 2491 765 2584 quidem
786 2487 948 2549 convenire
972 2487 1115 2550 videbitur

246 2571 338 2631 iellae
361 2569 451 2632 osculi
476 2569 672 2651 descriptioni.
712 2571 869 2632 Caeterum
892 2587 1021 2646 paratam
1045 2570 1115 2632 buit

247 2653 418 2712 medicinam
439 2648 584 2712 offerebat
603 2653 687 2715 locus
703 2651 850 2729 superior,
872 2652 923 2710 ubi
936 2651 1115 2730 secundum

250 2749 357 2791 vocem
377 2727 497 2792 atsur
519 2732 686 2807 desinebat,
717 2734 805 2792 tertius
824 2747 900 2793 veto
921 2750 938 2791 a
962 2731 1058 2793 verbo
1080 2733 1115 2796 st

247 2832 315 2872 car
336 2813 499 2892 incipiebat.

290 2883 393 2973 Vrrfi4
404 2894 467 2975 sqq.
487 2891 514 2953 Si
536 2906 641 2953 vetum
663 2891 765 2967 estid,
787 2895 869 2976 quod
913 2912 988 2954 uarro
1007 2892 1085 2970 versa
1107 2894 1115 2955 l

246 2987 315 3045 tut,
344 2981 497 3053 πολέμιον,
521 2993 618 3055 neque
635 2975 709 3036 aliud
727 2976 872 3056 quidpiam
891 2919 1012 3037 subhac
1027 2992 1106 3037 voce

245 3054 365 3136 intelligi
383 3056 521 3129 debebit,
547 3054 641 3134 ὥσπερ
662 3079 710 3117 τις
739 3056 907 3130 aeramenti
918 3058 1077 3133 maasiam,
1102 3054 1115 3117 s

244 3139 412 3215 repertique
435 3141 469 3199 ab
492 3136 599 3214 στόμα.
639 3138 795 3199 Caeterum
818 3137 900 3200 ebus.
922 3155 985 3198 not.
1009 3138 1045 3198 ad
1071 3136 1115 3199 lx

245 3219 292 3279 Ad
307 3218 440 3300 reliqua,
459 3236 538 3299 quae
549 3219 730 3302 sequuntur,
745 3220 816 3282 haec
828 3220 944 3279 monuit
956 3218 1115 3282 Casaullt

245 3322 263 3353 >r
271 3297 375 3362 Postea
394 3300 433 3362 stc
450 3301 531 3382 lege,

407 3406 472 3439 ns·
498 3383 579 3442 baala
601 3380 666 3471 trieu
679 3379 825 3463 στρουθίοις

325 3460 493 3565 ’apautoflr'
514 3465 629 3541 ὁμοίως,
649 3467 716 3537 itae,
737 3456 974 3543 nepeuviriortao,

254 3562 258 3567 ·
324 3545 468 3606 »avolare
489 3544 511 3606 l·
528 3541 639 3619 iamir,
662 3540 758 3604 elaeae
777 3546 804 3601 r'
825 3541 931 3618 itariae
952 3544 1013 3606 σαν

321 3648 340 3681 a
348 3622 438 3686 αὐτοῦ
453 3631 485 3684 ri
501 3623 626 3698 avaria,
644 3621 814 3707 aqime'srtfiat
835 3618 922 3685 ἵλεων.

242 3730 262 3762 n
271 3705 392 3769 Graecis
414 3706 544 3783 caprasio
571 3702 729 3784 <antipatre
754 3708 805 3766 vel
820 3704 1005 3786 ’στρουθιακὶ
1022 3704 1115 3787 appel

241 3787 505 3865 aroftulalibidinofir.
533 3786 614 3847 Nora
624 3786 766 3868 passerum
774 3786 919 3848 salacitas:
932 3786 982 3848 etst
992 3804 1115 3850 vocem=

239 3867 314 3931 alie
331 3871 492 3950 generalius
512 3868 618 3951 accipit
641 3870 671 3930 in
686 3869 746 3932 boc
764 3870 834 3933 loco
854 3868 1034 3933 Eustatbius.
1070 3866 1115 3933 Tr
