2656 4726
408 34 431 75 f

182 415 205 481 p
234 398 309 477 624.
397 332 928 471 INLIB.X1V.·CAP:X1X.
1087 432 1147 496 ⁴⁰3

159 532 178 598 s
185 530 361 595 Particuiam
374 531 440 612 ένμον
450 552 547 598 autem
565 538 731 613 renuimus,
747 538 855 600 nussam
874 559 1053 623 magnopere
1064 544 1149 607 caus·

186 612 249 677 sam
267 613 417 692 videntes,
433 636 488 680 cur
503 636 554 679 aut
568 620 600 679 itt
613 620 677 681 aru
690 639 870 681 mutaremus
880 641 946 683 cum
959 623 1083 686 Casaub.
1095 642 1147 687 aut

186 714 259 757 curn
280 694 416 759 lacobsto
434 696 634 761 abiiceremus.
656 694 737 776 έμνον
754 699 885 784 abruperit
900 704 1049 767 mordicus
1066 721 1148 768 tener

186 773 326 840 Gallicus
342 778 498 860 interpres,
516 797 636 843 vertent
654 780 777 861 hymn
793 784 912 845 recitans.

229 856 344 919 ciebant
365 856 487 924 Αέολέέοι
504 860 587 940 φησὶν
602 862 654 923 dec.
675 861 878 927 ”Subiidturt
898 864 963 926 iatri
982 852 1028 928 orit
1043 869 1077 927 τὶ
1092 866 1149 946 μέ-

185 955 265 999 »aar
282 938 360 1000 satir
378 938 544 1020 baddam,
565 942 632 1003 aei
652 944 700 1002 rit
719 946 817 1022 μέλη
833 941 946 1007 rium
963 945 1081 1008 tituta
1097 968 1149 1028 φη-

185 1018 262 1081 »etr
285 1007 355 1082 οἴνοιο
380 1019 433 1083 rit
456 1017 585 1102 ἅρμονέοιη
605 1022 617 1083 ὃ
636 1019 737 1084 adrat.
775 1023 935 1089 Manifesio
954 1030 1149 1108 παρέλκουσιν

185 1100 287 1162 »baec
304 1101 412 1177 verba,
432 1106 479 1163 rai
497 1107 539 1164 tir
556 1104 651 1180 μέληε
677 1104 727 1165 nist
748 1105 855 1188 aliquid
875 1107 946 1169 latet
964 1106 1010 1170 hic
1027 1110 1150 1191 gravio-

186 1202 207 1237 οο
216 1182 255 1242 ria
268 1183 347 1245 maii.
369 1180 543 1256 Caeterum,
554 1180 673 1246 nicasia
684 1189 803 1260 μολπὰν
814 1187 868 1249 dici
877 1207 942 1249 earn
955 1209 1032 1268 quae
1045 1189 1079 1251 stt
1088 1190 1150 1252 Do·

185 1264 290 1336 urica,
312 1262 419 1326 Strabo
438 1284 493 1327 nos
511 1266 618 1327 dudum
638 1266 826 1328 admorunt
842 1267 991 1332 casuue.
1009 1301 1041 1318 -
1067 1270 1149 1334 Cunt

186 1360 251 1405 non
269 1344 320 1405 aei
342 1348 385 1407 rit
432 1347 501 1421 έλη,
524 1344 571 1407 sed
589 1347 665 1407 nude
690 1352 733 1409 ab
747 1347 822 1425 μέλη
842 1348 985 1412 scribatur
1003 1353 1032 1412 in
1046 1368 1150 1416 vetere

186 1424 317 1500 codice,
337 1444 376 1487 eo
417 1423 638 1501 tmanisesiius,
658 1445 766 1490 temere
780 1449 797 1491 a
811 1428 903 1492 scriba
923 1431 1046 1511 repetita
1063 1430 1151 1497 fuisse

187 1504 240 1566 isia
255 1507 366 1580 verba,
381 1526 449 1568 curn
464 1527 481 1568 a
496 1509 631 1589 proxime
647 1511 837 1587 praecedente
856 1528 933 1573 voce
946 1509 1098 1592 ὑηοέοέμοη
1112 1515 1150 1575 ad

186 1584 373 1667 superiorem
392 1586 536 1671 iacddpta
553 1590 703 1652 aberraret
721 1591 826 1654 oculis.
849 1589 897 1653 De
917 1591 1025 1654 artatur
1045 1591 1151 1670 μολπᾷ

186 1665 436 1730 locusSrrabonis
447 1671 654 1750 quaerentibus
674 1671 760 1736 nobis
769 1690 830 1735 non
840 1673 1034 1738 occurrebat:
1052 1673 1154 1754 paria·

186 1768 246 1810 τονη
260 1747 397 1824 nicasia,
407 1748 547 1830 sermonem
559 1753 699 1813 Aeolicum
710 1755 822 1814 eumdem
837 1777 894 1815 cum
907 1756 1010 1816 Dorico
1016 1753 1098 1837 fitiffc
1110 1755 1152 1818 ait

187 1826 404 1911 Geographus,
420 1831 474 1893 iib.
485 1830 570 1893 Vlll.
584 1852 648 1914 pag.
662 1852 696 1912 33
721 1853 765 1895 .a.
804 1833 962 1897 Caeterum
984 1855 1047 1917 quo
1065 1834 1154 1919 padio

187 1907 236 1974 itic
250 1912 381 1973 tationes
395 1911 461 1975 suas
481 1911 650 1975 subduxerit
665 1854 854 1990 triremem,
874 1933 925 1977 aut
944 1916 1058 1997 (equo
1076 1917 1152 1981 baec

187 1988 278 2053 dubia
290 1990 377 2073 sunt)
391 1992 556 2055 Heraclides
572 1992 728 2069 Ponticus,
748 2014 849 2073 parunt
871 1997 971 2077 utique
989 1997 1082 2079 liquet
1096 2016 1152 2059 no-

187 2070 243 2135 bis.
268 2071 337 2134 Fuit
351 2091 450 2135 autem
465 2093 533 2135 cum
548 2075 729 2149 dubitarem,
740 2074 839 2151 ¹verba
857 2076 918 2151 isia,
937 2073 1037 2139 Τοῦτον
1053 2077 1085 2139 b·
1095 2080 1153 2140 itti·

187 2152 273 2216 aava
290 2154 391 2236 (sive,
409 2172 442 2216 ur
453 2156 545 2217 codex
560 2156 658 2216 noster
678 2153 783 2227 babet,
803 2155 932 2235 ᾖέουον)
951 2158 1057 2219 νοέοντες
1077 2149 1151 2219 ὕπο-

185 2232 282 2316 J‘riprrr
298 2239 338 2296 ait
351 2240 441 2314 μέλη,
455 2234 599 2298 essent-ne
616 2237 757 2299 Athenaei
773 2255 823 2297 aur
835 2238 1017 2312 Heraclidis,
1034 2256 1068 2300 ur
1083 2239 1150 2300 vul·

208 2333 230 2376 o
242 2317 337 2396 accipi
353 2317 462 2392 video,
479 2336 515 2377 att
532 2318 596 2396 ιαμ
614 2320 730 2395 poeitae,
745 2316 861 2381 duobus
873 2316 1069 2398 superioribus
1082 2338 1151 2381 ver·

212 2394 272 2458 bus
290 2398 473 2460 accensenda.
496 2401 537 2461 At
551 2396 720 2460 difftmulari
737 2415 800 2459 non
818 2396 934 2480 potest,
950 2399 1020 2459 nihil
1039 2399 1150 2480 poetici

187 2477 300 2540 eoloris
314 2480 370 2540 iliis
389 2478 486 2541 inesse.

238 2559 422 2621 Parnm
436 2563 548 2641 primum
566 2559 682 2639 vestrm,
708 2557 840 2639 prosaicd
863 2558 959 2622 sormd
976 2560 1004 2621 in
1022 2577 1151 2643 utroque

187 2638 293 2701 nosiro
306 2659 382 2701 msto
399 2660 491 2702 conce
514 2660 597 2709 turn,
616 2639 693 2700 redie
713 2641 748 2699 ad
767 2641 852 2701 metri
873 2641 967 2721 legent
988 2641 1150 2703 concinna-

187 2736 252 2783 runt
268 2721 445 2783 exhibebant
465 2663 533 2784 editt
549 2719 635 2794 libri3
658 2738 787 2800 quorum
804 2720 973 2802 scripturam
994 2721 1096 2784 iubens
1110 2741 1151 2785 te.

188 2803 263 2877 nui,
286 2801 338 2863 nist
359 2804 440 2885 quod
462 2804 692 2880 ένενμένοιν,
717 2802 816 2864 dorici
835 2802 921 2865 verbi
942 2802 1059 2879 sormi,
1079 2822 1148 2867 cutn

187 2881 255 2963 ipsrs
267 2885 359 2945 msstis
370 2903 426 2965 pro
435 2884 587 2945 communi
603 2883 749 2957 ἀνειμένην
760 2881 918 2965 posuerim.
964 2886 1041 2964 Verfit
1053 2907 1080 2945 ο.
1092 2906 1149 2968 pro

187 2957 431 3038 bencimine,
449 2965 612 3046 quodcum
629 2983 682 3024 ms.
696 2965 749 3046 Ep.
769 2964 873 3025 dabant
889 2965 978 3039 editi,
997 2966 1147 3048 perspecte

187 3042 279 3106 'heti
296 3042 366 3121 μοῦ
375 3066 445 3106 σοιν
460 3046 588 3107 correxit
606 3044 723 3117 Toua,
742 3046 769 3104 irt
784 3045 868 3127 Epist.
881 3045 957 3107 Crit.
972 3065 1035 3125 pag.
1048 3066 1086 3106 m.
1098 3068 1146 3109 22.

189 3126 277 3188 cuius
293 3125 451 3208 scripturae
463 3125 614 3205 vestigium
631 3127 660 3185 itt
678 3144 730 3186 ms.
744 3129 783 3186 A.
810 3125 955 3207 superesse
975 3128 1104 3200 videtur,
1118 3128 1148 3188 in

210 3226 254 3267 uo
273 3207 381 3268 Ἰοισηὶν
403 3226 457 3288 pro
469 3208 561 3267 'iacti
580 3207 730 3303 scripturn.
750 3205 831 3266 Dein
845 3225 913 3269 cunt
927 3206 966 3269 stc
982 3208 1093 3268 editum
1104 3202 1149 3268 es·

203 3305 254 3350 et:
271 3290 408 3347 -a'ttab
425 3290 479 3349 trit
499 3285 588 3367 μέσην
608 3307 695 3347 teror

271 3370 385 3446 ν’ίμουμοιν
402 3367 510 3447 αἰέλνζο
529 3368 570 3444 τῷ
586 3368 679 3446 μέλει.

190 3445 238 3527 asp
253 3469 308 3531 pro
326 3448 390 3510 νέον
408 3451 574 3530 corrigebar
592 3451 665 3512 idem
684 3446 839 3510 Touatus
858 3446 877 3509 l.
893 3466 920 3509 c.
937 3447 1032 3509 minus
1050 3445 1150 3512 seiici·

191 3548 244 3593 rer.
276 3531 364 3593 νοῶν
388 3549 504 3593 mutato
526 3549 646 3592 accentu
666 3528 801 3610 scriptum
819 3550 839 3590 o
861 3527 1001 3603 orruisse,
1020 3529 1148 3593 Ponto-

191 3627 257 3674 uus
274 3613 398 3685 docuit,
420 3614 449 3672 irt
469 3611 639 3692 Appendice
660 3612 694 3672 ad
717 3629 826 3671 novam
874 3611 954 3703 oupii
969 3612 1152 3685 editionem,

191 3711 258 3775 pag.
271 3693 341 3767 488.
363 3694 476 3774 Nempe
492 3691 570 3767 νοῶν,
590 3691 772 3773 participium
785 3692 870 3753 verbi
887 3713 966 3767 ηοᾳν,
978 3694 1058 3772 quod
1072 3694 1150 3775 apud

191 3773 343 3856 Aristoph.
361 3775 483 3854 legitur,
505 3773 585 3834 Ntrb.
605 3793 689 3847 1117.
702 3775 744 3833 ed.
758 3773 807 3833 Br.
825 3773 911 3833 Unde
924 3776 1001 3852 apud
1020 3772 1149 3853 Hesych.

191 3854 275 3936 bittit·
297 3857 400 3920 ννέισοιν
415 3854 481 3938 prii.
510 3853 637 3916 Similier
657 3853 798 3929 Contu,
811 3855 843 3915 in
856 3854 939 3995 Ignis
949 3854 1053 3916 ruscis:
1073 3858 1150 3915 uAtt

506 3941 512 3957 ⁸
912 3953 929 3996 c
950 3953 967 3993 a
