2656 4726
154 430 239 497 διο.
329 426 380 493 tu
399 430 485 497 utu.
504 430 604 494 xrv.
624 426 724 498 can
743 430 829 497 xri.
1024 450 1081 519 ,γι

146 570 212 647 πυρὶ
229 566 346 651 Γρίφων.
365 566 442 633 Vide
458 568 551 647 infra,
565 590 630 653 cap.
641 582 702 635 xv.
718 572 773 657 [ad
788 591 852 655 pag.
867 570 937 649 648.
947 570 990 657 h]
1014 576 1084 641 Το-

146 668 210 711 ium
240 648 342 713 iocum
362 651 405 713 ita
429 652 519 715 debes
540 671 676 716 verrere:
704 658 846 717 Clearchus
861 657 926 717 libro
937 660 1023 739 priore
1043 658 1085 721 n'e

148 732 284 817 Gripltr't,
304 734 470 807 Simonides,
496 736 602 816 iuquit,
622 738 898 881 Zozynthiussedens
913 738 996 818 super
1011 739 1084 818 selld

146 812 314 887 iurheutro,
328 816 471 877 Antilochi
488 815 577 897 versus
593 818 725 879 recitabat.
757 818 794 880 Se
837 820 903 901 quic
921 818 972 881 ilie
991 820 1083 885 fuerit

147 894 317 959 Antilochus
326 940 339 971 ,
358 894 463 959 discam
481 898 604 970 iubens,
621 897 642 959 st
658 898 765 982 estqui
783 918 830 961 me
846 904 960 963 docear.
980 902 1015 964 ln
1027 904 1086 965 Er.

148 978 258 1059 eerprit
273 977 518 1061 Ἀρχιλόχου
536 980 723 1056 invenimus,
744 999 806 1042 non
823 978 999 1065 ’Anthixou
1028 984 1083 1048 iu·

148 1076 222 1133 ver,
247 1060 330 1142 quod
355 1060 446 1122 modo
462 1062 632 1122 nominatus
651 1062 913 1124 Archilochus
936 1065 1084 1129 intereos

146 1146 241 1223 piros
258 1162 367 1221 quorum
384 1140 475 1222 verstrs
493 1144 675 1204 recitabantur.
697 1140 803 1222 Quare
818 1144 857 1205 ira
868 1145 1015 1226 iegamu33
1030 1166 1083 1211 aur

147 1238 241 1298 eerre,
251 1226 294 1282 riu
307 1222 386 1299 περὶ
402 1223 480 1283 'Art
490 1240 522 1283 tn
532 1225 634 1316 ὄχον,
644 1239 677 1284 ur
687 1224 883 1305 intelligamus
892 1246 956 1287 eam
969 1246 1082 1301 partem

146 1298 224 1401 Η.
237 1302 284 1379 ψ’.
298 1301 481 1387 iliad.[vetl.
497 1325 549 1387 3⁰¹
566 1303 666 1386 ieqq.]
689 1324 766 1387 quae
783 1304 825 1367 eli
849 1306 886 1367 de
901 1309 1084 1373 Antilochum

146 1398 365 1447 morotius·
382 1410 416 1432 ι·
439 1378 489 1447 De
503 1386 593 1448 ritulo
609 1385 673 1448 iibri
690 1388 829 1459 Cltorchi,
844 1388 912 1449 vide
930 1407 1008 1468 quae
1023 1410 1085 1455 no·

146 1464 256 1527 ivimus
265 1466 301 1527 ad
309 1464 381 1528 v11.
392 1486 460 1547 ²75·
472 1468 500 1529 b.
519 1466 674 1548 Perspicue
692 1467 846 1543 hocloco,
860 1485 893 1529 ur
904 1488 967 1551 pag.
981 1468 1082 1545 tuuf.

146 1548 187 1627 epi
206 1544 323 1643 Γμφὸι
339 1547 474 1625 scribitur
492 1548 522 1609 in
540 1549 657 1610 vetuhit
673 1550 793 1611 membr.
822 1547 855 1611 ln
870 1552 943 1631 Epir.
963 1550 1084 1617 omiisue

146 1626 191 1689 bri
207 1628 321 1691 titulus.
350 1627 530 1710 §cripturam
549 1634 591 1691 rb
608 1629 686 1692 'Arc
697 1652 706 1690 t
717 1628 841 1713 λόχου
859 1648 959 1693 tuetur
974 1652 1027 1695 ms.
1042 1634 1083 1699 A.

146 1726 189 1771 un
205 1710 310 1773 diris:
327 1726 385 1772 nec
399 1728 498 1772 tamen
510 1712 570 1773 vidi
581 1731 634 1773 cur
650 1713 693 1772 rb
703 1712 734 1771 'A
767 1733 813 1793 χι
823 1710 942 1795 Λδχου
958 1733 994 1775 ex
1006 1714 1083 1797 Epir.

146 1790 257 1871 eripere
272 1790 447 1855 dubitarem.
468 1792 530 1854 Pati
542 1811 643 1855 errore
651 1795 729 1875 apud
740 1738 925 1857 ilutarchum
942 1803 1004 1877 (ue
1016 1796 1085 1859 Mu·

146 1888 200 1945 ea,
214 1869 303 1933 T.11.
316 1870 397 1968 Opp.
414 1892 479 1955 pag.
496 1894 547 1953 ιη
556 1894 580 1953 3.
592 1872 637 1947 f.)
657 1874 845 1944 Archilochum
865 1880 894 1936 in
908 1877 1082 1941 Antilochum

146 1970 276 2015 iurarunt
285 1952 406 2025 librarii,
418 1956 465 2015 ubi
475 1974 611 2037 aequeae
624 1953 669 2018 bic
683 1954 864 2017 manifestum
877 1958 985 2021 vitium
1000 1977 1081 2023 erat:

146 2048 238 2115 equo
250 2052 320 2097 cum
340 2034 387 2098 alii
404 2054 601 2105 monuerunt,
620 2054 683 2099 rum
700 2036 897 2113 Bunetrus,
915 2036 944 2098 in
966 2038 1083 2102 Obser-

146 2114 296 2178 trionibus
313 2118 349 2177 ad
364 2116 540 2198 praediibtm
560 2118 702 2178 Plutarchi
718 2117 861 2191 libellum,
876 2119 904 2178 in
922 2118 1083 2182 Commen-

146 2196 203 2259 tritt
223 2198 402 2260 Academiae
424 2196 550 2278 inscript.
570 2194 609 2261 T.
622 2198 661 2260 X.
676 2216 741 2291 pag.
757 2198 822 2260 286.
858 2200 890 2259 in
911 2199 1009 2276 libro,
1029 2203 1082 2281 qui

146 2276 221 2361 uir
287 2276 336 2349 Ἰ,
357 2280 386 2339 id
406 2278 447 2341 eli
468 2299 507 2339 ut
523 2281 657 2351 Pttiuris,
679 2280 833 2360 tnicriptus
853 2296 932 2355 etat,
950 2282 1082 2345 occasio·

146 2374 191 2419 em
226 2380 240 2419 e
257 2360 412 2442 Rhupsodis
428 2361 591 2441 disputandi
609 2363 676 2421 inde
690 2358 808 2422 lorraii'e
821 2377 938 2439 ceperat
958 2363 1082 2423 cicun·

146 2452 233 2513 uus,
252 2442 393 2523 quodibi
413 2444 536 2503 botulum
556 2465 636 2502 manu
653 2460 763 2501 terentes
778 2441 817 2522 (a
838 2460 901 2521 quo
919 2442 1006 2503 etiam
1021 2462 1083 2504 no-

146 2536 190 2581 ten
201 2520 342 2583 inveniiie
358 2525 520 2604 putantur)
540 2527 569 2584 in
586 2524 661 2603 pillis
678 2523 776 2582 tubuhs
787 2521 938 2583 ostendere
955 2522 1082 2589 consue*

146 2618 229 2665 'etant
246 2603 432 2665 auditoribus
453 2605 563 2666 formas
585 2605 738 2665 bominum
759 2624 913 2675 rerumve,
927 2605 962 2665 de
976 2606 1082 2684 quibus

146 2684 267 2765 gebatur
282 2686 312 2745 in
328 2688 503 2747 carminibus
520 2707 596 2766 quue
614 2687 652 2746 ab
669 2684 722 2744 illts
731 2687 966 2746 decantabantur.

164 2761 315 2827 neurim
332 2770 380 2827 riv
395 2767 548 2847 bubulce,
569 2774 618 2848 ui)
630 2790 674 2840 et,
694 2766 721 2827 ir
742 2766 805 2827 ruit
828 2766 939 2845 delicet
956 2764 1010 2831 uir
1027 2774 1082 2832 Σι-

146 2847 244 2908 milev
258 2850 342 2908 ttrite
359 2849 467 2926 ihudur
478 2846 677 2928 intepivrolut.
700 2847 747 2908 Est
766 2849 890 2909 adhunc
905 2850 1002 2912 iocttm
1015 2850 1083 2912 Ch·

146 2944 273 2991 eunom
287 2928 521 3005 Animadversum
535 2933 649 3010 quaein
662 2930 705 2990 ed.
723 2950 744 2990 ι.
756 2927 796 2990 stc
810 2928 963 2993 scribitur:
982 2956 999 2988 u
1009 2932 1084 2993 Scri·

150 3008 186 3071 be
205 3012 345 3070 hiarium
371 3016 415 3071 ebt
433 3012 568 3093 §ebulit
585 3016 680 3095 Λέγει,
700 3029 761 3070 non
781 3012 888 3151 hirto.
900 3036 918 3067 tt
936 3036 978 3059 -ὴ-
1006 3011 1083 3091 Qua

146 3091 337 3152 tAnimadv.
359 3092 486 3153 iumtum
504 3095 543 3155 eii
562 3097 642 3174 quod
662 3098 690 3153 in
704 3093 750 3152 od.
764 3090 808 3153 Ca
823 3138 829 3150 .
844 3114 870 3152 2.
880 3092 910 3152 dr
924 3115 950 3171 3.
965 3094 1022 3153 boc
1035 3094 1084 3153 io·

146 3188 183 3245 o,
196 3192 293 3253 quum
312 3172 340 3233 in
355 3192 498 3236 contextu
519 3180 670 3236 Μνασίωνα
687 3172 847 3245 scribatur,
869 3174 897 3232 in
920 3173 974 3233 orti
991 3172 1084 3250 polita

149 3254 249 3315 tbaec
267 3272 357 3314 nota:
385 3276 434 3335 cyp.
456 3250 596 3318 truciore.
634 3255 673 3315 At
698 3255 725 3314 ui
753 3255 789 3314 de
805 3254 865 3312 hoc
882 3272 941 3312 non
965 3248 1084 3333 cogitu-

146 3350 209 3395 ¹erar
226 3332 439 3407 casaubonum
461 3339 511 3416 qui
532 3339 599 3397 nibil
620 3274 699 3397 aliud
718 3333 765 3395 hic
786 3352 908 3394 monere
922 3336 1084 3410 voluerut,

146 3412 179 3478 ist
198 3414 314 3497 λέγει
336 3417 446 3496 absque
462 3440 474 3476 r
490 3419 571 3479 litori
594 3418 727 3498 scriptum
749 3412 933 3496 oportuisse,
954 3432 1010 3491 pro
1030 3417 1084 3477 ui-

146 3516 203 3571 ,εινἱ
220 3498 304 3578 quod
321 3497 427 3559 vitiose
447 3499 476 3557 in
493 3502 541 3559 ed.
556 3498 615 3560 Bas.
632 3498 758 3581 positum
776 3512 857 3564 erut,
871 3498 901 3556 dt
917 3496 983 3555 inde
996 3512 1086 3559 teme·

146 3578 204 3638 ein
219 3578 266 3640 ed.
281 3576 347 3639 Cas.
360 3597 562 3659 propagatum.
585 3581 678 3660 igitur
692 3595 760 3639 cum
777 3576 815 3638 stc
825 3573 969 3655 scripstffer
983 3578 1086 3640 Anim-

146 3656 286 3722 tdversor:
304 3658 434 3721 „Scribe
451 3667 528 3721 Mvu
539 3666 656 3720 clota
669 3665 714 3720 τὴν
724 3657 858 3742 itiuibt
877 3657 971 3738 λέγε
982 3682 1007 3733 r,
1024 3677 1086 3721 non

146 3736 281 3822 ’λίμνα
300 3743 457 3823 typotheta
473 3742 582 3803 literam
599 3764 630 3816 r,
644 3761 733 3823 quam
750 3746 779 3800 in
803 3738 895 3800 verbo
914 3746 1012 3820 niyttv
1029 3742 1086 3800 de-

146 3822 353 3895 eredebuerat,
375 3823 405 3884 in
422 3842 498 3885 voce
520 3828 668 3882 uiruriuuu
687 3820 809 3882 delevit.
830 3819 936 3898 Quare
949 3824 986 3878 ad
1001 3838 1086 3883 oram

146 3912 284 3967 berettus
301 3904 448 3968 Athenaei
468 3922 531 3967 non
550 3902 652 3966 debuit
669 3903 831 4045 ΜασίωκᾸ
847 3916 996 3982 tamquam
1017 3901 1088 3964 scti-

847 3999 865 4042 a
885 4002 904 4043 2
