<?xml version="1.0" encoding="UTF-8"?>
<!DOCTYPE html PUBLIC "-//W3C//DTD XHTML 1.0 Transitional//EN"
    "http://www.w3.org/TR/xhtml1/DTD/xhtml1-transitional.dtd">
<html xmlns="http://www.w3.org/1999/xhtml" xml:lang="en" lang="en">
 <head>
  <title>
</title>
<meta http-equiv="Content-Type" content="text/html;charset=utf-8" />
  <meta name='ocr-system' content='tesseract 3.04.00' />
  <meta name='ocr-capabilities' content='ocr_page ocr_carea ocr_par ocr_line ocrx_word'/>
</head>
<body>
  <div class='ocr_page' id='page_1' title='image "./athenaeinaucrat00athegoog_0248.png"; bbox 0 0 2656 4726; ppageno 0'>
   <div class='ocr_carea' id='block_1_1' title="bbox 134 438 1049 534">
    <p class='ocr_par' dir='ltr' id='par_1_1' title="bbox 134 438 1049 534">
     <span class='ocr_line' id='line_1_1' title="bbox 134 438 1049 534; baseline -0.04 -2"><span class='ocrx_word' id='word_1_1' title='bbox 134 467 154 531; x_wconf 81' lang='lat' dir='ltr'>t·</span> <span class='ocrx_word' id='word_1_2' title='bbox 171 443 224 528; x_wconf 69' lang='lat' dir='ltr'>nl·</span> <span class='ocrx_word' id='word_1_3' title='bbox 292 441 343 509; x_wconf 78' lang='lat' dir='ltr'>ttt</span> <span class='ocrx_word' id='word_1_4' title='bbox 364 438 453 510; x_wconf 75' lang='lat' dir='ltr'>itu.</span> <span class='ocrx_word' id='word_1_5' title='bbox 474 439 576 512; x_wconf 86' lang='lat' dir='ltr'>ttttt.</span> <span class='ocrx_word' id='word_1_6' title='bbox 595 442 697 510; x_wconf 74' lang='lat' dir='ltr'>cti.</span> <span class='ocrx_word' id='word_1_7' title='bbox 718 441 846 511; x_wconf 75' lang='lat' dir='ltr'>t&#39;xxt.</span> <span class='ocrx_word' id='word_1_8' title='bbox 878 474 882 479; x_wconf 90' lang='lat'><em>·</em></span> <span class='ocrx_word' id='word_1_9' title='bbox 992 466 1049 534; x_wconf 67' lang='lat'>24,</span> 
     </span>
    </p>
   </div>
   <div class='ocr_carea' id='block_1_2' title="bbox 131 586 1072 3185">
    <p class='ocr_par' dir='ltr' id='par_1_2' title="bbox 131 586 1072 3185">
     <span class='ocr_line' id='line_1_2' title="bbox 134 586 1052 669; baseline 0.011 -22"><span class='ocrx_word' id='word_1_10' title='bbox 134 601 314 649; x_wconf 83' lang='lat' dir='ltr'>reuertenuat</span> <span class='ocrx_word' id='word_1_11' title='bbox 329 586 447 660; x_wconf 80' lang='grc' dir='ltr'><strong><em>Ιοοοοο,</em></strong></span> <span class='ocrx_word' id='word_1_12' title='bbox 477 602 538 669; x_wconf 84' lang='lat' dir='ltr'>qua</span> <span class='ocrx_word' id='word_1_13' title='bbox 557 588 694 667; x_wconf 68' lang='lat' dir='ltr'>verficrlas</span> <span class='ocrx_word' id='word_1_14' title='bbox 706 589 758 666; x_wconf 61' lang='lat'>60,</span> <span class='ocrx_word' id='word_1_15' title='bbox 774 589 906 664; x_wconf 85' lang='lat' dir='ltr'>laborat,</span> <span class='ocrx_word' id='word_1_16' title='bbox 931 593 979 656; x_wconf 84' lang='lat' dir='ltr'>cui</span> <span class='ocrx_word' id='word_1_17' title='bbox 997 614 1052 659; x_wconf 81' lang='lat' dir='ltr'>er·</span> 
     </span>
     <span class='ocr_line' id='line_1_3' title="bbox 134 664 1063 809; baseline 0.011 -80"><span class='ocrx_word' id='word_1_18' title='bbox 134 664 225 809; x_wconf 51' lang='lat' dir='ltr'><strong><em>w</em></strong></span> <span class='ocrx_word' id='word_1_19' title='bbox 238 669 314 730; x_wconf 90' lang='lat' dir='ltr'>nulla</span> <span class='ocrx_word' id='word_1_20' title='bbox 334 666 484 729; x_wconf 75' lang='lat' dir='ltr'>dositinae</span> <span class='ocrx_word' id='word_1_21' title='bbox 497 671 607 747; x_wconf 90' lang='lat' dir='ltr'>copia,</span> <span class='ocrx_word' id='word_1_22' title='bbox 629 670 709 730; x_wconf 86' lang='lat' dir='ltr'>nulla</span> <span class='ocrx_word' id='word_1_23' title='bbox 724 671 832 751; x_wconf 82' lang='lat' dir='ltr'>ingenii</span> <span class='ocrx_word' id='word_1_24' title='bbox 848 672 974 735; x_wconf 89' lang='lat' dir='ltr'>intentio</span> <span class='ocrx_word' id='word_1_25' title='bbox 989 675 1063 739; x_wconf 87' lang='lat' dir='ltr'>sus··</span> 
     </span>
     <span class='ocr_line' id='line_1_4' title="bbox 212 748 1054 835; baseline 0.01 -26"><span class='ocrx_word' id='word_1_26' title='bbox 212 749 335 811; x_wconf 70' lang='lat' dir='ltr'>videtur.</span> <span class='ocrx_word' id='word_1_27' title='bbox 357 748 390 810; x_wconf 91' lang='lat' dir='ltr'>ln</span> <span class='ocrx_word' id='word_1_28' title='bbox 409 749 541 811; x_wconf 82' lang='lat' dir='ltr'>editione</span> <span class='ocrx_word' id='word_1_29' title='bbox 557 751 638 811; x_wconf 86' lang='lat' dir='ltr'>Ven.</span> <span class='ocrx_word' id='word_1_30' title='bbox 662 751 752 810; x_wconf 85' lang='lat' dir='ltr'>verba</span> <span class='ocrx_word' id='word_1_31' title='bbox 768 751 838 812; x_wconf 73' lang='lat' dir='ltr'>ztir</span> <span class='ocrx_word' id='word_1_32' title='bbox 855 753 948 833; x_wconf 73' lang='lat' dir='ltr'>impet</span> <span class='ocrx_word' id='word_1_33' title='bbox 963 765 1054 835; x_wconf 80' lang='grc' dir='ltr'><strong><em>Σοφο·</em></strong></span> 
     </span>
     <span class='ocr_line' id='line_1_5' title="bbox 134 829 1065 917; baseline 0.012 -27"><span class='ocrx_word' id='word_1_34' title='bbox 134 829 267 893; x_wconf 80' lang='lat' dir='ltr'>utti-initio</span> <span class='ocrx_word' id='word_1_35' title='bbox 348 830 464 893; x_wconf 87' lang='lat' dir='ltr'>tametti</span> <span class='ocrx_word' id='word_1_36' title='bbox 486 831 670 906; x_wconf 90' lang='lat' dir='ltr'>scribuntur,</span> <span class='ocrx_word' id='word_1_37' title='bbox 692 849 727 893; x_wconf 90' lang='lat' dir='ltr'>ut</span> <span class='ocrx_word' id='word_1_38' title='bbox 748 830 929 912; x_wconf 76' lang='lat' dir='ltr'>significetur</span> <span class='ocrx_word' id='word_1_39' title='bbox 951 837 1065 917; x_wconf 78' lang='lat' dir='ltr'>polle-²</span> 
     </span>
     <span class='ocr_line' id='line_1_6' title="bbox 133 908 1054 999; baseline 0.015 -31"><span class='ocrx_word' id='word_1_40' title='bbox 133 910 170 973; x_wconf 81' lang='lat' dir='ltr'>ns</span> <span class='ocrx_word' id='word_1_41' title='bbox 183 908 272 973; x_wconf 86' lang='lat' dir='ltr'>deesse</span> <span class='ocrx_word' id='word_1_42' title='bbox 310 910 517 974; x_wconf 81' lang='lat' dir='ltr'>emistichium:</span> <span class='ocrx_word' id='word_1_43' title='bbox 540 910 735 975; x_wconf 76' lang='lat' dir='ltr'>casaubonus</span> <span class='ocrx_word' id='word_1_44' title='bbox 753 913 886 974; x_wconf 84' lang='lat' dir='ltr'>lacunam</span> <span class='ocrx_word' id='word_1_45' title='bbox 905 916 933 976; x_wconf 90' lang='lat' dir='ltr'>in</span> <span class='ocrx_word' id='word_1_46' title='bbox 955 920 1054 999; x_wconf 85' lang='lat' dir='ltr'>priore</span> 
     </span>
     <span class='ocr_line' id='line_1_7' title="bbox 133 992 1054 1080; baseline 0.01 -27"><span class='ocrx_word' id='word_1_47' title='bbox 133 992 282 1054; x_wconf 75' lang='lat' dir='ltr'>euislichio</span> <span class='ocrx_word' id='word_1_48' title='bbox 300 992 427 1056; x_wconf 81' lang='lat' dir='ltr'>notavit.</span> <span class='ocrx_word' id='word_1_49' title='bbox 460 992 495 1054; x_wconf 90' lang='lat' dir='ltr'>ln</span> <span class='ocrx_word' id='word_1_50' title='bbox 505 993 682 1055; x_wconf 82' lang='lat' dir='ltr'>membranis</span> <span class='ocrx_word' id='word_1_51' title='bbox 699 1012 758 1054; x_wconf 92' lang='lat' dir='ltr'>non</span> <span class='ocrx_word' id='word_1_52' title='bbox 778 997 869 1076; x_wconf 68' lang='lat' dir='ltr'>magn</span> <span class='ocrx_word' id='word_1_53' title='bbox 882 995 944 1071; x_wconf 87' lang='lat' dir='ltr'>hic,</span> <span class='ocrx_word' id='word_1_54' title='bbox 964 1019 1054 1080; x_wconf 90' lang='lat' dir='ltr'>quam</span> 
     </span>
     <span class='ocr_line' id='line_1_8' title="bbox 133 1071 1056 1170; baseline 0.01 -36"><span class='ocrx_word' id='word_1_55' title='bbox 133 1071 185 1149; x_wconf 79' lang='lat' dir='ltr'>sbi,</span> <span class='ocrx_word' id='word_1_56' title='bbox 198 1074 418 1170; x_wconf 73' lang='lat' dir='ltr'>distinguuntur</span> <span class='ocrx_word' id='word_1_57' title='bbox 433 1073 553 1146; x_wconf 84' lang='lat' dir='ltr'>versus,</span> <span class='ocrx_word' id='word_1_58' title='bbox 575 1090 632 1136; x_wconf 85' lang='lat' dir='ltr'>nec</span> <span class='ocrx_word' id='word_1_59' title='bbox 651 1075 772 1136; x_wconf 86' lang='lat' dir='ltr'>lacunae</span> <span class='ocrx_word' id='word_1_60' title='bbox 795 1091 865 1137; x_wconf 86' lang='lat' dir='ltr'>nota</span> <span class='ocrx_word' id='word_1_61' title='bbox 888 1084 946 1138; x_wconf 84' lang='lat' dir='ltr'>aut&#39;</span> <span class='ocrx_word' id='word_1_62' title='bbox 965 1079 1056 1143; x_wconf 82' lang='lat' dir='ltr'>vesli-</span> 
     </span>
     <span class='ocr_line' id='line_1_9' title="bbox 133 1152 1055 1244; baseline 0.004 -28"><span class='ocrx_word' id='word_1_63' title='bbox 133 1154 182 1231; x_wconf 79' lang='lat' dir='ltr'>‚iun</span> <span class='ocrx_word' id='word_1_64' title='bbox 196 1154 386 1235; x_wconf 83' lang='lat' dir='ltr'>conspicitur.</span> <span class='ocrx_word' id='word_1_65' title='bbox 424 1153 483 1215; x_wconf 89' lang='lat' dir='ltr'>Pro</span> <span class='ocrx_word' id='word_1_66' title='bbox 503 1152 643 1238; x_wconf 64' lang='lat' dir='ltr'>stp&#39;tipats’</span> <span class='ocrx_word' id='word_1_67' title='bbox 661 1161 680 1232; x_wconf 76' lang='grc' dir='ltr'><strong>τ</strong></span> <span class='ocrx_word' id='word_1_68' title='bbox 698 1155 827 1238; x_wconf 71' lang='lat' dir='ltr'>bprtlir,</span> <span class='ocrx_word' id='word_1_69' title='bbox 850 1160 931 1239; x_wconf 85' lang='lat' dir='ltr'>quod</span> <span class='ocrx_word' id='word_1_70' title='bbox 945 1183 988 1224; x_wconf 83' lang='lat' dir='ltr'>vs.</span> <span class='ocrx_word' id='word_1_71' title='bbox 1007 1183 1055 1244; x_wconf 82' lang='lat'>59.</span> 
     </span>
     <span class='ocr_line' id='line_1_10' title="bbox 133 1235 1059 1321; baseline 0.009 -24"><span class='ocrx_word' id='word_1_72' title='bbox 133 1236 207 1297; x_wconf 82' lang='lat' dir='ltr'>tabent</span> <span class='ocrx_word' id='word_1_73' title='bbox 218 1237 305 1312; x_wconf 79' lang='lat' dir='ltr'>editi,</span> <span class='ocrx_word' id='word_1_74' title='bbox 334 1237 363 1297; x_wconf 78' lang='lat' dir='ltr'>in</span> <span class='ocrx_word' id='word_1_75' title='bbox 375 1236 443 1298; x_wconf 80' lang='lat' dir='ltr'>cod.</span> <span class='ocrx_word' id='word_1_76' title='bbox 457 1237 532 1296; x_wconf 90' lang='lat' dir='ltr'>Ven.</span> <span class='ocrx_word' id='word_1_77' title='bbox 545 1237 576 1298; x_wconf 73' lang='grc' dir='ltr'>δι</span> <span class='ocrx_word' id='word_1_78' title='bbox 590 1236 705 1298; x_wconf 83' lang='lat' dir='ltr'>Med.t¹t</span> <span class='ocrx_word' id='word_1_79' title='bbox 745 1235 799 1314; x_wconf 74' lang='grc' dir='ltr'>ἶριν</span> <span class='ocrx_word' id='word_1_80' title='bbox 816 1238 974 1321; x_wconf 62' lang='lat' dir='ltr'>&amp;supersit</span> <span class='ocrx_word' id='word_1_81' title='bbox 989 1241 1059 1305; x_wconf 78' lang='lat' dir='ltr'>scri·</span> 
     </span>
     <span class='ocr_line' id='line_1_11' title="bbox 133 1316 1058 1402; baseline 0.011 -26"><span class='ocrx_word' id='word_1_82' title='bbox 133 1316 252 1379; x_wconf 84' lang='lat' dir='ltr'>titlocuit</span> <span class='ocrx_word' id='word_1_83' title='bbox 268 1318 456 1379; x_wconf 79' lang='lat' dir='ltr'>Rulnktnius:</span> <span class='ocrx_word' id='word_1_84' title='bbox 486 1317 592 1399; x_wconf 70' lang='lat' dir='ltr'>„quod</span> <span class='ocrx_word' id='word_1_85' title='bbox 610 1316 687 1379; x_wconf 87' lang='lat' dir='ltr'>sorta</span> <span class='ocrx_word' id='word_1_86' title='bbox 711 1337 727 1379; x_wconf 92' lang='lat' dir='ltr'>e</span> <span class='ocrx_word' id='word_1_87' title='bbox 748 1318 810 1379; x_wconf 76' lang='lat' dir='ltr'>aliis</span> <span class='ocrx_word' id='word_1_88' title='bbox 832 1320 970 1401; x_wconf 88' lang='lat' dir='ltr'>(inquit)</span> <span class='ocrx_word' id='word_1_89' title='bbox 985 1343 1058 1402; x_wconf 90' lang='lat' dir='ltr'>pro-</span> 
     </span>
     <span class='ocr_line' id='line_1_12' title="bbox 133 1394 1065 1467; baseline 0.005 -6"><span class='ocrx_word' id='word_1_90' title='bbox 133 1394 216 1461; x_wconf 84' lang='lat' dir='ltr'>·stterit</span> <span class='ocrx_word' id='word_1_91' title='bbox 236 1399 281 1460; x_wconf 83' lang='lat' dir='ltr'>arl-</span> <span class='ocrx_word' id='word_1_92' title='bbox 298 1415 401 1459; x_wconf 83' lang='lat' dir='ltr'>veram</span> <span class='ocrx_word' id='word_1_93' title='bbox 427 1397 585 1460; x_wconf 72' lang='lat' dir='ltr'>lessionern</span> <span class='ocrx_word' id='word_1_94' title='bbox 607 1399 805 1461; x_wconf 79' lang='lat' dir='ltr'>eruendama</span> <span class='ocrx_word' id='word_1_95' title='bbox 825 1427 860 1446; x_wconf 84' lang='lat'>-</span> <span class='ocrx_word' id='word_1_96' title='bbox 893 1401 937 1461; x_wconf 85' lang='lat' dir='ltr'>Ex</span> <span class='ocrx_word' id='word_1_97' title='bbox 958 1403 1065 1467; x_wconf 75' lang='lat' dir='ltr'>nollro&#39;</span> 
     </span>
     <span class='ocr_line' id='line_1_13' title="bbox 133 1478 1060 1562; baseline 0.005 -21"><span class='ocrx_word' id='word_1_98' title='bbox 133 1480 218 1542; x_wconf 58' lang='grc' dir='ltr'>ΜΛ.</span> <span class='ocrx_word' id='word_1_99' title='bbox 231 1480 333 1543; x_wconf 82' lang='lat' dir='ltr'>eadem</span> <span class='ocrx_word' id='word_1_100' title='bbox 348 1494 466 1541; x_wconf 89' lang='lat' dir='ltr'>enotata</span> <span class='ocrx_word' id='word_1_101' title='bbox 477 1479 633 1562; x_wconf 88' lang='lat' dir='ltr'>scriptura,</span> <span class='ocrx_word' id='word_1_102' title='bbox 654 1478 702 1541; x_wconf 91' lang='lat' dir='ltr'>sed</span> <span class='ocrx_word' id='word_1_103' title='bbox 715 1479 802 1542; x_wconf 79' lang='lat' dir='ltr'>nullis</span> <span class='ocrx_word' id='word_1_104' title='bbox 818 1484 989 1545; x_wconf 76' lang='lat' dir='ltr'>accentibus</span> <span class='ocrx_word' id='word_1_105' title='bbox 1007 1503 1060 1547; x_wconf 88' lang='lat' dir='ltr'>no·</span> 
     </span>
     <span class='ocr_line' id='line_1_14' title="bbox 133 1561 1063 1725; baseline 0.009 -24"><span class='ocrx_word' id='word_1_106' title='bbox 133 1561 1063 1725; x_wconf 55' lang='lat' dir='ltr'>hillht‘llnlfsiljt&#39;lhssllll‘shll‘lllzh</span> 
     </span>
     <span class='ocr_line' id='line_1_15' title="bbox 133 1722 1063 1805; baseline 0.005 -19"><span class='ocrx_word' id='word_1_107' title='bbox 133 1722 454 1786; x_wconf 74' lang='lat' dir='ltr'>nutteltomrurus</span> <span class='ocrx_word' id='word_1_108' title='bbox 474 1725 608 1797; x_wconf 88' lang='lat' dir='ltr'>monuit,</span> <span class='ocrx_word' id='word_1_109' title='bbox 630 1741 797 1805; x_wconf 76' lang='lat' dir='ltr'>provocant</span> <span class='ocrx_word' id='word_1_110' title='bbox 815 1728 850 1786; x_wconf 88' lang='lat' dir='ltr'>ad</span> <span class='ocrx_word' id='word_1_111' title='bbox 868 1727 1063 1791; x_wconf 76' lang='lat' dir='ltr'>Homericum</span> 
     </span>
     <span class='ocr_line' id='line_1_16' title="bbox 132 1799 619 1883; baseline 0.006 -21"><span class='ocrx_word' id='word_1_112' title='bbox 132 1799 262 1883; x_wconf 80' lang='lat' dir='ltr'>ilynnum</span> <span class='ocrx_word' id='word_1_113' title='bbox 280 1806 312 1867; x_wconf 91' lang='lat' dir='ltr'>in</span> <span class='ocrx_word' id='word_1_114' title='bbox 330 1805 461 1867; x_wconf 84' lang='lat' dir='ltr'>Mercur.</span> <span class='ocrx_word' id='word_1_115' title='bbox 485 1824 530 1866; x_wconf 85' lang='lat' dir='ltr'>vs.</span> <span class='ocrx_word' id='word_1_116' title='bbox 550 1803 619 1880; x_wconf 80' lang='lat'><strong>428.</strong></span> 
     </span>
     <span class='ocr_line' id='line_1_17' title="bbox 184 1883 1067 1967; baseline -0.002 -16"><span class='ocrx_word' id='word_1_117' title='bbox 184 1886 351 1965; x_wconf 65' lang='grc' dir='ltr'>μνημοσύνην</span> <span class='ocrx_word' id='word_1_118' title='bbox 367 1883 420 1961; x_wconf 70' lang='grc' dir='ltr'>μὲν</span> <span class='ocrx_word' id='word_1_119' title='bbox 433 1884 536 1966; x_wconf 73' lang='grc' dir='ltr'><strong><em>νρὸτοο</em></strong></span> <span class='ocrx_word' id='word_1_120' title='bbox 553 1885 624 1950; x_wconf 64' lang='grc' dir='ltr'>δυῶν</span> <span class='ocrx_word' id='word_1_121' title='bbox 644 1885 787 1967; x_wconf 71' lang='lat' dir='ltr'>iyspactptt</span> <span class='ocrx_word' id='word_1_122' title='bbox 809 1885 903 1965; x_wconf 58' lang='grc' dir='ltr'><strong><em>ἄοιθρῖ.</em></strong></span> <span class='ocrx_word' id='word_1_123' title='bbox 1063 1913 1067 1921; x_wconf 81' lang='grc'><strong>’</strong></span> 
     </span>
     <span class='ocr_line' id='line_1_18' title="bbox 132 1958 1067 2051; baseline 0.014 -28"><span class='ocrx_word' id='word_1_124' title='bbox 132 1958 286 2030; x_wconf 69' lang='lat' dir='ltr'>beinthem</span> <span class='ocrx_word' id='word_1_125' title='bbox 299 1968 391 2047; x_wconf 75' lang='lat' dir='ltr'>versus</span> <span class='ocrx_word' id='word_1_126' title='bbox 409 1987 422 2042; x_wconf 83' lang='grc' dir='ltr'><strong>ς</strong></span> <span class='ocrx_word' id='word_1_127' title='bbox 447 2012 454 2028; x_wconf 92' lang='grc'><strong>.</strong></span> <span class='ocrx_word' id='word_1_128' title='bbox 471 1966 615 2048; x_wconf 82' lang='lat' dir='ltr'>postrema</span> <span class='ocrx_word' id='word_1_129' title='bbox 631 1984 714 2045; x_wconf 88' lang='lat' dir='ltr'>parte</span> <span class='ocrx_word' id='word_1_130' title='bbox 727 1965 846 2048; x_wconf 79' lang='lat' dir='ltr'>vestigia</span> <span class='ocrx_word' id='word_1_131' title='bbox 862 1968 1006 2051; x_wconf 87' lang='lat' dir='ltr'>superesse</span> <span class='ocrx_word' id='word_1_132' title='bbox 1017 1974 1067 2036; x_wconf 82' lang='lat' dir='ltr'>vi··</span> 
     </span>
     <span class='ocr_line' id='line_1_19' title="bbox 132 1988 1066 2138; baseline 0.005 -28"><span class='ocrx_word' id='word_1_133' title='bbox 132 2042 172 2138; x_wconf 65' lang='lat' dir='ltr'>itti</span> <span class='ocrx_word' id='word_1_134' title='bbox 189 2049 317 2110; x_wconf 77' lang='lat' dir='ltr'>nominis</span> <span class='ocrx_word' id='word_1_135' title='bbox 329 1988 466 2127; x_wconf 63' lang='lat' dir='ltr'>nemisia</span> <span class='ocrx_word' id='word_1_136' title='bbox 482 2047 655 2109; x_wconf 78' lang='lat' dir='ltr'>observavit</span> <span class='ocrx_word' id='word_1_137' title='bbox 673 2047 809 2109; x_wconf 77' lang='lat' dir='ltr'>Ltnmr.</span> <span class='ocrx_word' id='word_1_138' title='bbox 839 2049 893 2124; x_wconf 87' lang='lat' dir='ltr'>Et,</span> <span class='ocrx_word' id='word_1_139' title='bbox 915 2054 1066 2116; x_wconf 79' lang='lat' dir='ltr'>Tltmridem</span> 
     </span>
     <span class='ocr_line' id='line_1_20' title="bbox 132 2127 1067 2267; baseline 0.007 -78"><span class='ocrx_word' id='word_1_140' title='bbox 132 2127 222 2267; x_wconf 49' lang='lat' dir='ltr'>{ulem</span> <span class='ocrx_word' id='word_1_141' title='bbox 233 2131 421 2192; x_wconf 78' lang='lat' dir='ltr'>meretricem</span> <span class='ocrx_word' id='word_1_142' title='bbox 436 2148 453 2190; x_wconf 95' lang='lat' dir='ltr'>a</span> <span class='ocrx_word' id='word_1_143' title='bbox 467 2127 533 2191; x_wconf 89' lang='lat' dir='ltr'>sene</span> <span class='ocrx_word' id='word_1_144' title='bbox 551 2131 609 2191; x_wconf 83' lang='lat' dir='ltr'>iant</span> <span class='ocrx_word' id='word_1_145' title='bbox 622 2146 683 2189; x_wconf 90' lang='lat' dir='ltr'>tum</span> <span class='ocrx_word' id='word_1_146' title='bbox 698 2128 845 2207; x_wconf 84' lang='lat' dir='ltr'>Sophocle</span> <span class='ocrx_word' id='word_1_147' title='bbox 860 2151 984 2193; x_wconf 85' lang='lat' dir='ltr'>amatam</span> <span class='ocrx_word' id='word_1_148' title='bbox 995 2134 1067 2196; x_wconf 91' lang='lat' dir='ltr'>suis·</span> 
     </span>
     <span class='ocr_line' id='line_1_21' title="bbox 154 2210 1066 2292; baseline 0.004 -20"><span class='ocrx_word' id='word_1_149' title='bbox 154 2210 277 2285; x_wconf 79' lang='lat' dir='ltr'>,locuit</span> <span class='ocrx_word' id='word_1_150' title='bbox 289 2210 464 2272; x_wconf 81' lang='lat' dir='ltr'>Athenaeus</span> <span class='ocrx_word' id='word_1_151' title='bbox 483 2230 511 2290; x_wconf 88' lang='lat' dir='ltr'>p.</span> <span class='ocrx_word' id='word_1_152' title='bbox 532 2232 597 2292; x_wconf 80' lang='lat'>592·</span> <span class='ocrx_word' id='word_1_153' title='bbox 614 2230 640 2271; x_wconf 89' lang='lat' dir='ltr'>a.</span> <span class='ocrx_word' id='word_1_154' title='bbox 662 2227 752 2289; x_wconf 88' lang='lat' dir='ltr'>atque</span> <span class='ocrx_word' id='word_1_155' title='bbox 776 2213 865 2270; x_wconf 87' lang='lat' dir='ltr'>etiam</span> <span class='ocrx_word' id='word_1_156' title='bbox 885 2217 1066 2276; x_wconf 85' lang='lat' dir='ltr'>mentionem</span> 
     </span>
     <span class='ocr_line' id='line_1_22' title="bbox 132 2287 1067 2375; baseline 0.006 -28"><span class='ocrx_word' id='word_1_157' title='bbox 132 2287 234 2353; x_wconf 81' lang='lat' dir='ltr'>n’uttlem</span> <span class='ocrx_word' id='word_1_158' title='bbox 254 2287 350 2353; x_wconf 74' lang='lat' dir='ltr'>secisse</span> <span class='ocrx_word' id='word_1_159' title='bbox 367 2291 408 2352; x_wconf 90' lang='lat' dir='ltr'>ait</span> <span class='ocrx_word' id='word_1_160' title='bbox 433 2289 609 2373; x_wconf 84' lang='lat' dir='ltr'>Sophoclem</span> <span class='ocrx_word' id='word_1_161' title='bbox 630 2291 659 2350; x_wconf 92' lang='lat' dir='ltr'>in</span> <span class='ocrx_word' id='word_1_162' title='bbox 680 2292 782 2369; x_wconf 85' lang='lat' dir='ltr'>aliquo</span> <span class='ocrx_word' id='word_1_163' title='bbox 801 2291 957 2367; x_wconf 73' lang='grc' dir='ltr'><strong><em>ονονίμρι</em></strong></span> <span class='ocrx_word' id='word_1_164' title='bbox 984 2296 1067 2375; x_wconf 78' lang='lat' dir='ltr'>quod</span> 
     </span>
     <span class='ocr_line' id='line_1_23' title="bbox 132 2362 1069 2456; baseline 0 -21"><span class='ocrx_word' id='word_1_165' title='bbox 132 2362 177 2435; x_wconf 69' lang='lat' dir='ltr'>htit</span> <span class='ocrx_word' id='word_1_166' title='bbox 192 2373 336 2435; x_wconf 81' lang='lat' dir='ltr'>convenit</span> <span class='ocrx_word' id='word_1_167' title='bbox 361 2391 430 2434; x_wconf 83' lang='lat' dir='ltr'>cum</span> <span class='ocrx_word' id='word_1_168' title='bbox 448 2375 586 2455; x_wconf 85' lang='lat' dir='ltr'>eoquod</span> <span class='ocrx_word' id='word_1_169' title='bbox 609 2371 656 2433; x_wconf 86' lang='lat' dir='ltr'>hic</span> <span class='ocrx_word' id='word_1_170' title='bbox 673 2372 713 2430; x_wconf 93' lang='lat' dir='ltr'>ait</span> <span class='ocrx_word' id='word_1_171' title='bbox 738 2373 843 2449; x_wconf 75' lang='lat' dir='ltr'>potita,</span> <span class='ocrx_word' id='word_1_172' title='bbox 866 2372 892 2431; x_wconf 78' lang='lat' dir='ltr'>it</span> <span class='ocrx_word' id='word_1_173' title='bbox 913 2374 1069 2456; x_wconf 69' lang='grc' dir='ltr'><strong><em>τραγικοῖς</em></strong></span> 
     </span>
     <span class='ocr_line' id='line_1_24' title="bbox 132 2435 1070 2536; baseline 0.002 -21"><span class='ocrx_word' id='word_1_174' title='bbox 132 2435 394 2536; x_wconf 60' lang='lat' dir='ltr'>summitur.</span> <span class='ocrx_word' id='word_1_175' title='bbox 418 2451 520 2535; x_wconf 84' lang='lat' dir='ltr'>ltaque</span> <span class='ocrx_word' id='word_1_176' title='bbox 531 2453 691 2514; x_wconf 69' lang='lat' dir='ltr'>leontius</span> <span class='ocrx_word' id='word_1_177' title='bbox 714 2450 767 2530; x_wconf 87' lang='lat' dir='ltr'>(ut</span> <span class='ocrx_word' id='word_1_178' title='bbox 786 2469 823 2511; x_wconf 82' lang='lat' dir='ltr'>ex</span> <span class='ocrx_word' id='word_1_179' title='bbox 840 2451 936 2514; x_wconf 86' lang='lat' dir='ltr'>Novis</span> <span class='ocrx_word' id='word_1_180' title='bbox 946 2454 1070 2518; x_wconf 73' lang='lat' dir='ltr'>literar.</span> 
     </span>
     <span class='ocr_line' id='line_1_25' title="bbox 133 2525 1070 2617; baseline 0 -19"><span class='ocrx_word' id='word_1_181' title='bbox 133 2534 224 2598; x_wconf 77' lang='lat' dir='ltr'>mens.</span> <span class='ocrx_word' id='word_1_182' title='bbox 240 2535 345 2616; x_wconf 87' lang='lat' dir='ltr'>didici)</span> <span class='ocrx_word' id='word_1_183' title='bbox 368 2535 545 2617; x_wconf 62' lang='lat' dir='ltr'>erupilor</span> <span class='ocrx_word' id='word_1_184' title='bbox 566 2525 670 2594; x_wconf 65' lang='lat' dir='ltr'>assor</span> <span class='ocrx_word' id='word_1_185' title='bbox 689 2533 737 2592; x_wconf 87' lang='lat' dir='ltr'>hic</span> <span class='ocrx_word' id='word_1_186' title='bbox 755 2535 900 2594; x_wconf 86' lang='lat' dir='ltr'>correxit:</span> <span class='ocrx_word' id='word_1_187' title='bbox 921 2554 1009 2614; x_wconf 87' lang='lat' dir='ltr'>quarn</span> <span class='ocrx_word' id='word_1_188' title='bbox 1027 2553 1070 2598; x_wconf 85' lang='lat' dir='ltr'>ta·</span> 
     </span>
     <span class='ocr_line' id='line_1_26' title="bbox 132 2613 1069 2697; baseline 0.005 -22"><span class='ocrx_word' id='word_1_189' title='bbox 132 2635 178 2678; x_wconf 85' lang='lat' dir='ltr'>teu</span> <span class='ocrx_word' id='word_1_190' title='bbox 202 2615 373 2696; x_wconf 81' lang='lat' dir='ltr'>scripturam</span> <span class='ocrx_word' id='word_1_191' title='bbox 392 2636 454 2696; x_wconf 88' lang='lat' dir='ltr'>quo</span> <span class='ocrx_word' id='word_1_192' title='bbox 477 2616 565 2697; x_wconf 76' lang='lat' dir='ltr'>patto</span> <span class='ocrx_word' id='word_1_193' title='bbox 583 2613 629 2675; x_wconf 88' lang='lat' dir='ltr'>vel</span> <span class='ocrx_word' id='word_1_194' title='bbox 650 2613 765 2695; x_wconf 89' lang='lat' dir='ltr'>reliquo</span> <span class='ocrx_word' id='word_1_195' title='bbox 786 2614 881 2674; x_wconf 87' lang='lat' dir='ltr'>versui</span> <span class='ocrx_word' id='word_1_196' title='bbox 902 2618 950 2676; x_wconf 86' lang='lat' dir='ltr'>vel</span> <span class='ocrx_word' id='word_1_197' title='bbox 970 2619 1069 2680; x_wconf 80' lang='lat' dir='ltr'>verbis</span> 
     </span>
     <span class='ocr_line' id='line_1_27' title="bbox 132 2693 1070 2776; baseline -0.001 -17"><span class='ocrx_word' id='word_1_198' title='bbox 132 2695 168 2759; x_wconf 80' lang='lat' dir='ltr'>his</span> <span class='ocrx_word' id='word_1_199' title='bbox 189 2695 206 2758; x_wconf 94' lang='lat' dir='ltr'>s</span> <span class='ocrx_word' id='word_1_200' title='bbox 239 2697 395 2771; x_wconf 88' lang='lat' dir='ltr'>uentibus,</span> <span class='ocrx_word' id='word_1_201' title='bbox 415 2698 479 2758; x_wconf 68' lang='lat' dir='ltr'>zebe</span> <span class='ocrx_word' id='word_1_202' title='bbox 499 2699 593 2776; x_wconf 71' lang='lat' dir='ltr'>irrepet</span> <span class='ocrx_word' id='word_1_203' title='bbox 611 2693 769 2772; x_wconf 66' lang='grc' dir='ltr'><strong><em>Σοφοκλεῖ,</em></strong></span> <span class='ocrx_word' id='word_1_204' title='bbox 790 2697 973 2776; x_wconf 88' lang='lat' dir='ltr'>adaptaverit</span> <span class='ocrx_word' id='word_1_205' title='bbox 993 2701 1070 2760; x_wconf 87' lang='lat' dir='ltr'>idem</span> 
     </span>
     <span class='ocr_line' id='line_1_28' title="bbox 135 2776 1070 2861; baseline 0.002 -21"><span class='ocrx_word' id='word_1_206' title='bbox 135 2781 160 2840; x_wconf 89' lang='lat' dir='ltr'>ir</span> <span class='ocrx_word' id='word_1_207' title='bbox 174 2778 192 2839; x_wconf 86' lang='lat' dir='ltr'>tl</span> <span class='ocrx_word' id='word_1_208' title='bbox 244 2797 296 2851; x_wconf 84' lang='lat' dir='ltr'>us,</span> <span class='ocrx_word' id='word_1_209' title='bbox 312 2798 374 2839; x_wconf 87' lang='lat' dir='ltr'>non</span> <span class='ocrx_word' id='word_1_210' title='bbox 385 2781 481 2842; x_wconf 87' lang='lat' dir='ltr'>habeo</span> <span class='ocrx_word' id='word_1_211' title='bbox 495 2797 688 2859; x_wconf 89' lang='lat' dir='ltr'>compertum.</span> <span class='ocrx_word' id='word_1_212' title='bbox 711 2776 774 2838; x_wconf 86' lang='lat' dir='ltr'>Nos</span> <span class='ocrx_word' id='word_1_213' title='bbox 784 2778 900 2859; x_wconf 88' lang='lat' dir='ltr'>quidem</span> <span class='ocrx_word' id='word_1_214' title='bbox 914 2778 973 2840; x_wconf 90' lang='lat' dir='ltr'>tale</span> <span class='ocrx_word' id='word_1_215' title='bbox 988 2782 1070 2861; x_wconf 86' lang='lat' dir='ltr'>quid·</span> 
     </span>
     <span class='ocr_line' id='line_1_29' title="bbox 132 2859 450 2922; baseline -0.006 0"><span class='ocrx_word' id='word_1_216' title='bbox 132 2861 191 2922; x_wconf 82' lang='lat' dir='ltr'>iam</span> <span class='ocrx_word' id='word_1_217' title='bbox 212 2859 450 2922; x_wconf 87' lang='lat' dir='ltr'>horiolabamur:</span> 
     </span>
     <span class='ocr_line' id='line_1_30' title="bbox 192 2934 1040 3022; baseline 0.006 -22"><span class='ocrx_word' id='word_1_218' title='bbox 192 2942 308 3022; x_wconf 74' lang='grc' dir='ltr'><strong><em>Βάκχον</em></strong></span> <span class='ocrx_word' id='word_1_219' title='bbox 324 2943 372 3001; x_wconf 75' lang='lat' dir='ltr'>tal</span> <span class='ocrx_word' id='word_1_220' title='bbox 391 2940 562 3018; x_wconf 57' lang='lat' dir='ltr'>rithmo</span> <span class='ocrx_word' id='word_1_221' title='bbox 583 2940 791 3022; x_wconf 73' lang='lat' dir='ltr'>ytprtr&#39;pttt</span> <span class='ocrx_word' id='word_1_222' title='bbox 808 2934 898 3019; x_wconf 61' lang='grc' dir='ltr'>θείᾳ</span> <span class='ocrx_word' id='word_1_223' title='bbox 921 2941 1040 3020; x_wconf 60' lang='lat' dir='ltr'>ainsi</span> 
     </span>
     <span class='ocr_line' id='line_1_31' title="bbox 232 3020 690 3102; baseline -0.002 -21"><span class='ocrx_word' id='word_1_224' title='bbox 232 3026 299 3083; x_wconf 71' lang='grc' dir='ltr'>Ζεὺς</span> <span class='ocrx_word' id='word_1_225' title='bbox 315 3020 409 3102; x_wconf 64' lang='grc' dir='ltr'><strong><em>ἔπορεν</em></strong></span> <span class='ocrx_word' id='word_1_226' title='bbox 428 3022 572 3094; x_wconf 60' lang='lat' dir='ltr'>{opotiri</span> <span class='ocrx_word' id='word_1_227' title='bbox 588 3054 629 3070; x_wconf 87' lang='lat'><em>-</em></span> <span class='ocrx_word' id='word_1_228' title='bbox 647 3049 690 3069; x_wconf 90' lang='lat'>-·</span> 
     </span>
     <span class='ocr_line' id='line_1_32' title="bbox 131 3101 1072 3185; baseline -0.001 -20"><span class='ocrx_word' id='word_1_229' title='bbox 131 3103 168 3166; x_wconf 81' lang='lat' dir='ltr'>ed</span> <span class='ocrx_word' id='word_1_230' title='bbox 179 3101 297 3164; x_wconf 83' lang='lat' dir='ltr'>sortasse</span> <span class='ocrx_word' id='word_1_231' title='bbox 311 3105 401 3185; x_wconf 85' lang='lat' dir='ltr'>magis</span> <span class='ocrx_word' id='word_1_232' title='bbox 415 3105 501 3164; x_wconf 85' lang='lat' dir='ltr'>eriam</span> <span class='ocrx_word' id='word_1_233' title='bbox 520 3103 691 3181; x_wconf 85' lang='lat' dir='ltr'>probabitur</span> <span class='ocrx_word' id='word_1_234' title='bbox 704 3101 868 3162; x_wconf 79' lang='lat' dir='ltr'>Wrsrour</span> <span class='ocrx_word' id='word_1_235' title='bbox 888 3102 916 3160; x_wconf 93' lang='lat' dir='ltr'>in</span> <span class='ocrx_word' id='word_1_236' title='bbox 937 3104 1072 3164; x_wconf 86' lang='lat' dir='ltr'>eamdem</span> 
     </span>
    </p>
   </div>
   <div class='ocr_carea' id='block_1_3' title="bbox 131 3182 1205 3265">
    <p class='ocr_par' dir='ltr' id='par_1_3' title="bbox 131 3182 1205 3265">
     <span class='ocr_line' id='line_1_33' title="bbox 131 3182 1205 3265; baseline 0 -19"><span class='ocrx_word' id='word_1_237' title='bbox 131 3202 175 3246; x_wconf 78' lang='lat' dir='ltr'>ere</span> <span class='ocrx_word' id='word_1_238' title='bbox 192 3182 363 3246; x_wconf 88' lang='lat' dir='ltr'>sententiam</span> <span class='ocrx_word' id='word_1_239' title='bbox 381 3186 568 3259; x_wconf 88' lang='lat' dir='ltr'>emendatio,</span> <span class='ocrx_word' id='word_1_240' title='bbox 592 3187 629 3245; x_wconf 89' lang='lat' dir='ltr'>ad</span> <span class='ocrx_word' id='word_1_241' title='bbox 649 3184 885 3244; x_wconf 88' lang='lat' dir='ltr'>membranarum</span> <span class='ocrx_word' id='word_1_242' title='bbox 904 3182 1073 3265; x_wconf 86' lang='lat' dir='ltr'>scripturam</span> <span class='ocrx_word' id='word_1_243' title='bbox 1199 3186 1205 3197; x_wconf 89' lang='lat'>&#39;</span> 
     </span>
    </p>
   </div>
   <div class='ocr_carea' id='block_1_4' title="bbox 130 3265 1079 3912">
    <p class='ocr_par' dir='ltr' id='par_1_4' title="bbox 131 3265 525 3346">
     <span class='ocr_line' id='line_1_34' title="bbox 131 3265 525 3346; baseline -0.003 -20"><span class='ocrx_word' id='word_1_244' title='bbox 131 3265 206 3327; x_wconf 76' lang='lat' dir='ltr'>»aulo</span> <span class='ocrx_word' id='word_1_245' title='bbox 224 3265 350 3346; x_wconf 80' lang='lat' dir='ltr'>propius</span> <span class='ocrx_word' id='word_1_246' title='bbox 369 3267 525 3338; x_wconf 82' lang='lat' dir='ltr'>accedens,</span> 
     </span>
    </p>

    <p class='ocr_par' dir='ltr' id='par_1_5' title="bbox 130 3342 1079 3912">
     <span class='ocr_line' id='line_1_35' title="bbox 196 3342 1076 3428; baseline 0.003 -23"><span class='ocrx_word' id='word_1_247' title='bbox 196 3353 314 3428; x_wconf 68' lang='grc' dir='ltr'><strong><em>Βάκχον</em></strong></span> <span class='ocrx_word' id='word_1_248' title='bbox 330 3348 381 3407; x_wconf 75' lang='grc' dir='ltr'>καὶ</span> <span class='ocrx_word' id='word_1_249' title='bbox 397 3346 782 3425; x_wconf 71' lang='grc' dir='ltr'><strong><em>νον”Ερωτ’ἰγίροιορνν</em></strong></span> <span class='ocrx_word' id='word_1_250' title='bbox 802 3342 906 3405; x_wconf 68' lang='lat' dir='ltr'>briae</span> <span class='ocrx_word' id='word_1_251' title='bbox 927 3345 1076 3408; x_wconf 67' lang='lat' dir='ltr'>berlir.</span> 
     </span>
     <span class='ocr_line' id='line_1_36' title="bbox 131 3424 1075 3504; baseline 0.001 -16"><span class='ocrx_word' id='word_1_252' title='bbox 131 3424 291 3502; x_wconf 63' lang='lat' dir='ltr'>heroum,</span> <span class='ocrx_word' id='word_1_253' title='bbox 316 3447 385 3489; x_wconf 89' lang='lat' dir='ltr'>cum</span> <span class='ocrx_word' id='word_1_254' title='bbox 407 3426 615 3489; x_wconf 81' lang='lat' dir='ltr'>Hermestanax</span> <span class='ocrx_word' id='word_1_255' title='bbox 641 3427 776 3486; x_wconf 85' lang='lat' dir='ltr'>omniunt</span> <span class='ocrx_word' id='word_1_256' title='bbox 805 3425 834 3486; x_wconf 74' lang='grc' dir='ltr'>δι</span> <span class='ocrx_word' id='word_1_257' title='bbox 860 3430 1014 3504; x_wconf 68' lang='lat' dir='ltr'>poetarum</span> <span class='ocrx_word' id='word_1_258' title='bbox 1041 3428 1075 3489; x_wconf 75' lang='grc' dir='ltr'>δι</span> 
     </span>
     <span class='ocr_line' id='line_1_37' title="bbox 131 3508 1077 3589; baseline 0.004 -22"><span class='ocrx_word' id='word_1_259' title='bbox 131 3508 381 3589; x_wconf 77' lang='lat' dir='ltr'>lnilosophorum,</span> <span class='ocrx_word' id='word_1_260' title='bbox 403 3529 480 3587; x_wconf 85' lang='lat' dir='ltr'>quos</span> <span class='ocrx_word' id='word_1_261' title='bbox 496 3508 643 3582; x_wconf 84' lang='lat' dir='ltr'>recenset,</span> <span class='ocrx_word' id='word_1_262' title='bbox 672 3509 773 3567; x_wconf 84' lang='lat' dir='ltr'>amicas</span> <span class='ocrx_word' id='word_1_263' title='bbox 791 3509 1005 3582; x_wconf 86' lang='lat' dir='ltr'>nominaverit,</span> <span class='ocrx_word' id='word_1_264' title='bbox 1026 3528 1077 3571; x_wconf 83' lang='lat' dir='ltr'>ve-</span> 
     </span>
     <span class='ocr_line' id='line_1_38' title="bbox 131 3585 1079 3671; baseline 0.004 -23"><span class='ocrx_word' id='word_1_265' title='bbox 131 3588 234 3652; x_wconf 89' lang='lat' dir='ltr'>isrmile</span> <span class='ocrx_word' id='word_1_266' title='bbox 252 3591 356 3670; x_wconf 90' lang='lat' dir='ltr'>utique</span> <span class='ocrx_word' id='word_1_267' title='bbox 374 3590 469 3650; x_wconf 89' lang='lat' dir='ltr'>videri</span> <span class='ocrx_word' id='word_1_268' title='bbox 481 3591 581 3661; x_wconf 89' lang='lat' dir='ltr'>debet,</span> <span class='ocrx_word' id='word_1_269' title='bbox 602 3585 757 3649; x_wconf 81' lang='lat' dir='ltr'>nominasse</span> <span class='ocrx_word' id='word_1_270' title='bbox 770 3586 849 3648; x_wconf 91' lang='lat' dir='ltr'>illum</span> <span class='ocrx_word' id='word_1_271' title='bbox 860 3590 947 3647; x_wconf 85' lang='lat' dir='ltr'>etiam</span> <span class='ocrx_word' id='word_1_272' title='bbox 964 3590 1079 3671; x_wconf 87' lang='lat' dir='ltr'>Sopho·</span> 
     </span>
     <span class='ocr_line' id='line_1_39' title="bbox 130 3668 1074 3753; baseline 0.002 -24"><span class='ocrx_word' id='word_1_273' title='bbox 130 3668 171 3731; x_wconf 82' lang='lat' dir='ltr'>:lis</span> <span class='ocrx_word' id='word_1_274' title='bbox 185 3671 331 3732; x_wconf 81' lang='lat' dir='ltr'>Theoridnn</span> <span class='ocrx_word' id='word_1_275' title='bbox 345 3672 374 3732; x_wconf 74' lang='lat' dir='ltr'>br</span> <span class='ocrx_word' id='word_1_276' title='bbox 392 3674 577 3753; x_wconf 72' lang='lat' dir='ltr'>Archippum,</span> <span class='ocrx_word' id='word_1_277' title='bbox 600 3689 726 3750; x_wconf 88' lang='lat' dir='ltr'>quarum</span> <span class='ocrx_word' id='word_1_278' title='bbox 743 3669 915 3729; x_wconf 82' lang='lat' dir='ltr'>Athenaeus</span> <span class='ocrx_word' id='word_1_279' title='bbox 931 3690 958 3747; x_wconf 93' lang='lat' dir='ltr'>p.</span> <span class='ocrx_word' id='word_1_280' title='bbox 972 3691 1074 3750; x_wconf 75' lang='lat'><strong>59²·2·</strong></span> 
     </span>
     <span class='ocr_line' id='line_1_40' title="bbox 130 3748 1079 3833; baseline 0.005 -26"><span class='ocrx_word' id='word_1_281' title='bbox 130 3766 150 3810; x_wconf 86' lang='lat' dir='ltr'>t.</span> <span class='ocrx_word' id='word_1_282' title='bbox 162 3753 302 3812; x_wconf 84' lang='lat' dir='ltr'>meminit.</span> <span class='ocrx_word' id='word_1_283' title='bbox 323 3750 429 3832; x_wconf 85' lang='lat' dir='ltr'>Quare</span> <span class='ocrx_word' id='word_1_284' title='bbox 441 3753 586 3833; x_wconf 87' lang='lat' dir='ltr'>probabili</span> <span class='ocrx_word' id='word_1_285' title='bbox 601 3748 770 3812; x_wconf 65' lang='lat' dir='ltr'>contenuit</span> <span class='ocrx_word' id='word_1_286' title='bbox 783 3748 1079 3812; x_wconf 79' lang='lat' dir='ltr'>Rurtuttrurussla·</span> 
     </span>
     <span class='ocr_line' id='line_1_41' title="bbox 130 3830 1077 3912; baseline 0.003 -22"><span class='ocrx_word' id='word_1_287' title='bbox 130 3833 196 3907; x_wconf 89' lang='lat' dir='ltr'>tuit,</span> <span class='ocrx_word' id='word_1_288' title='bbox 229 3831 292 3912; x_wconf 81' lang='lat' dir='ltr'>poll</span> <span class='ocrx_word' id='word_1_289' title='bbox 315 3834 362 3893; x_wconf 91' lang='lat' dir='ltr'>illa</span> <span class='ocrx_word' id='word_1_290' title='bbox 380 3835 491 3909; x_wconf 89' lang='lat' dir='ltr'>verba,</span> <span class='ocrx_word' id='word_1_291' title='bbox 518 3833 585 3892; x_wconf 75' lang='lat' dir='ltr'>ztir</span> <span class='ocrx_word' id='word_1_292' title='bbox 608 3834 703 3908; x_wconf 71' lang='grc' dir='ltr'><strong><em>ἔπορον</em></strong></span> <span class='ocrx_word' id='word_1_293' title='bbox 728 3830 879 3908; x_wconf 68' lang='grc' dir='ltr'><strong><em>Σοφοκλεῖ,</em></strong></span> <span class='ocrx_word' id='word_1_294' title='bbox 904 3830 1077 3893; x_wconf 90' lang='lat' dir='ltr'>intercidisse</span> 
     </span>
    </p>
   </div>
   <div class='ocr_carea' id='block_1_5' title="bbox 130 3910 1082 4073">
    <p class='ocr_par' dir='ltr' id='par_1_6' title="bbox 130 3910 1082 4073">
     <span class='ocr_line' id='line_1_42' title="bbox 130 3910 1082 4073; baseline -0.001 -97"><span class='ocrx_word' id='word_1_295' title='bbox 130 3913 262 3977; x_wconf 80' lang='lat' dir='ltr'>nonnulla</span> <span class='ocrx_word' id='word_1_296' title='bbox 278 3914 316 3978; x_wconf 87' lang='lat' dir='ltr'>ad</span> <span class='ocrx_word' id='word_1_297' title='bbox 335 3913 363 3977; x_wconf 90' lang='lat' dir='ltr'>id</span> <span class='ocrx_word' id='word_1_298' title='bbox 381 3932 586 3999; x_wconf 74' lang='lat' dir='ltr'>argumentum</span> <span class='ocrx_word' id='word_1_299' title='bbox 599 3912 781 3995; x_wconf 86' lang='lat' dir='ltr'>pertinentia.</span> <span class='ocrx_word' id='word_1_300' title='bbox 815 3910 945 4073; x_wconf 64' lang='grc' dir='ltr'>8υὲἀὺ</span> <span class='ocrx_word' id='word_1_301' title='bbox 967 3913 1082 3993; x_wconf 75' lang='lat' dir='ltr'>Wrstoni</span> 
     </span>
    </p>
   </div>
   <div class='ocr_carea' id='block_1_6' title="bbox 0 0 1334 4726">
    <p class='ocr_par' dir='ltr' id='par_1_7' title="bbox 0 0 1334 4726">
     <span class='ocr_line' id='line_1_43' title="bbox 0 0 1334 4726; baseline 0 0"><span class='ocrx_word' id='word_1_302' title='bbox 0 0 1334 4726; x_wconf 95' lang='lat' dir='ltr'> </span> 
     </span>
    </p>
   </div>
  </div>
 </body>
</html>
