2656 4726
146 435 151 457 .
215 390 269 456 iu
285 391 372 460 tta.
391 391 496 457 xtrt.
516 392 616 460 cau.
637 393 770 460 uxxr.
931 421 988 486 ις,

146 553 174 608 r,
187 551 256 596 cum
268 530 298 594 in
309 531 356 596 ed.
364 531 432 596 Cas.
444 555 471 616 ς.
482 551 539 616 qua
555 532 603 595 ille
616 534 686 597 usus
699 535 752 611 esi,
761 534 841 599 nulla
853 533 923 617 esset
934 539 992 604 dis·

146 615 179 677 tia
193 631 280 689 nota,
295 617 418 678 maiomm
434 616 618 678 disrmoiomm
631 616 745 699 posuit,
762 618 836 682 hanc
853 619 989 686 adserens

147 715 192 758 m:
208 694 402 758 »Soletenim
418 701 505 779 poita
521 695 619 758 noller
629 699 774 782 cuiusque
785 702 925 764 amatoria
939 703 990 765 de·

146 780 240 840 ionem
259 776 461 861 praemittere,
483 778 515 840 δι
527 794 588 839 tum
604 778 721 841 demum
739 799 850 842 nomen
867 779 990 847 subiice-

146 890 169 907 -
187 858 323 934 At,sive
341 877 435 942 ponas
449 856 660 923 diatinilionem
679 860 745 942 posi
763 858 909 942 spirare,
925 863 988 930 sive

146 980 165 1013 t,
180 939 254 1002 nihil
272 939 339 1002 iude
354 939 386 1002 in
401 939 454 1002 illa
468 944 575 1021 po'e'rae
590 942 724 1017 ratione,
748 962 838 1025 quam
853 943 927 1007 dixit
940 948 989 1010 vir

146 1039 174 1096 r,
191 1038 333 1085 mutatur.
356 1018 393 1084 Et
412 1022 628 1103 interpungitur
645 1025 765 1104 quidem
784 1026 883 1088 oratio
899 1028 987 1091 etiam

146 1100 195 1166 las.
213 1103 245 1165 dt
258 1101 324 1165 cu.
337 1123 362 1164 ι.
375 1103 408 1165 δι
423 1123 451 1164 a.
483 1106 601 1185 prorsus
638 1106 864 1169 uemadmodum
881 1106 988 1171 Ruhn-

146 1183 267 1266 placuit:
291 1182 338 1247 sed
360 1184 497 1268 princeps
516 1185 606 1246 editio
656 1189 704 1248 en.
727 1204 796 1249 cum
814 1186 858 1249 ed.
875 1187 941 1251 Cas.
958 1213 987 1274 3.

157 1265 397 1341 distindiouem3
413 1285 500 1349 quam
519 1265 610 1347 ipsam
626 1265 753 1347 praecise
765 1268 853 1330 etiam
866 1269 988 1334 damna·

146 1361 192 1411 tur
206 1346 242 1410 si
260 1346 452 1420 conlundio,
464 1347 565 1410 medio
576 1371 606 1409 ve
631 1348 722 1443 uip7.
743 1347 893 1412 interserta
908 1373 918 1426 ;
935 1353 984 1415 cui

146 1428 209 1512 ae(
256 1429 296 1491 od
312 1429 399 1490 etiam
431 1428 510 1492 ulcre
524 1428 613 1493 Ruhn
635 1429 919 1513 emusintellexerar)
933 1435 986 1496 vix

146 1528 172 1572 tr
232 1509 386 1607 eppieli,
408 1449 431 1572 st
450 1528 468 1570 a
489 1510 589 1573 verbis
607 1509 672 1590 ὀξὺς
691 1504 879 1595 Ἀρίστιππος
902 1532 986 1576 nova

148 1586 244 1654 sumat
261 1610 387 1654 tuntum.
416 1590 572 1654 Caeterum
593 1591 656 1655 stre
669 1589 737 1667 lar,
755 1614 855 1689 qaum,
874 1592 985 1656 intelli-

146 1690 171 1735 νε
187 1671 202 1735 ’ὅ
216 1694 251 1735 τε
263 1671 359 1735 divifis
369 1673 495 1735 vocibus
511 1672 608 1756 legar,
624 1693 727 1758 parum
743 1693 844 1757 uuque
856 1675 984 1753 interest,

146 1756 296 1818 erientiam
352 1754 427 1817 idern
442 1752 514 1815 nihil
529 1754 664 1819 omnino.
848 1770 856 1781 ⁸

146 1855 208 1901 ’oce
226 1835 306 1897 ’Arra
341 1831 434 1898 ertit
448 1835 536 1916 (vers
549 1835 706 1920 96.)·quid
725 1834 910 1900 statuendum
927 1837 985 1915 fit,

146 1917 268 2001 isputati
284 1915 388 1998 potest.
426 1917 459 1978 ln
477 1917 545 1982 cod.
557 1919 633 1982 Ven.
649 1918 765 1982 duabus
781 1920 910 1988 vocibua
926 1920 983 1983 ἄπ’

146 1996 240 2074 'cribi,
256 1999 298 2061 ait
316 1996 522 2063 Ruhnkeniua.
561 1995 604 2060 Ex
622 1997 729 2061 nolitis
744 2000 866 2062 membr.
884 1999 988 2075 nullut

146 2080 155 2143 l
171 2077 316 2161 scriptura
335 2097 456 2143 notatus
473 2079 516 2142 esi
533 2077 682 2145 diffensus.
705 2079 923 2144 Datacnmau
939 2083 984 2145 est

146 2161 269 2227 :locum
284 2161 437 2223 adnotatio
452 2161 621 2223 huiusmodi
639 2183 647 2221 :
670 2163 862 2244 „Apidanum
886 2161 984 2224 Thes-

153 2240 278 2309 fluvius.
306 2240 370 2303 Inte
408 2243 462 2305 reti
479 2241 653 2306 Callimachi
668 2242 848 2312 'Amrletrim
865 2261 983 2306 veteres

146 2325 194 2386 les.
216 2324 272 2388 Sed
289 2340 343 2386 nec
356 2319 387 2383 T
408 2322 510 2397 adala,
532 2341 588 2384 nec
605 2323 699 2386 Arcas
718 2320 785 2383 Lais
803 2323 870 2385 suit.
900 2323 983 2404 Qui·

146 2423 237 2489 egunt
255 2401 385 2476 Emissos,
402 2403 535 2483 morosae,
551 2403 702 2498 difficilia«
731 2434 797 2450 -
820 2404 983 2485 Vulgarum

146 2482 244 2559 arie,
259 2486 421 2548 maiuscula
436 2504 543 2567 nempe
560 2485 642 2547 lnerd
658 2483 760 2546 initiali
779 2481 982 2561 scribendum,

146 2570 361 2631 tWtsaouus
377 2613 386 2642 ‚
405 2567 436 2627 δι
453 2586 520 2627 cum
542 2584 580 2626 eo
602 2566 779 2627 Villrbrmius
790 2610 801 2639 ‚
824 2568 981 2648 ApHonam
1001 2602 1008 2626 a

146 2666 251 2712 uenter
268 2649 388 2724 Laidem,
411 2649 441 2709 id
459 2647 518 2722 est,
533 2647 696 2729 Tlrffasam,
714 2650 854 2728 quoniam
867 2665 981 2731 partem

146 2728 301 2792 ¹Thessalia
314 2730 429 2810 exegit,
445 2730 495 2790 ubi
509 2731 595 2789 etiam
612 2746 728 2791 mortua
744 2731 774 2793 δι
790 2728 898 2811 sepulta
913 2751 983 2812 per-

151 2809 277 2894 (supra,
296 2831 326 2892 p.
344 2812 409 2892 589.
423 2831 451 2871 a.
467 2811 517 2892 b.)
532 2812 567 2872 ad
584 2810 712 2872 Peneum
730 2808 870 2887 fluvium,
888 2830 980 2891 quem

146 2894 295 2975 lpidanus.
326 2893 423 2953 Eidem
442 2889 598 2987 scripturae
615 2889 697 2953 favet
712 2894 797 2953 etiam
817 2893 978 2972 prosodia;

151 2977 271 3039 nomine
286 2974 369 3035 fluvii
383 2975 502 3055 Apidani
523 2976 572 3053 (ut
588 2971 742 3035 ostendunt
761 2978 916 3055 po'e'tarum
932 2976 980 3036 lo-

146 3056 217 3131 ldis,
234 3055 364 3130 Lucani,
385 3055 415 3116 dt
436 3056 548 3116 Valerii
564 3053 675 3128 flacci,
699 3056 749 3136 qui
770 3074 809 3117 eo
829 3057 981 3135 utuntur)

146 3137 242 3218 yllaba
276 3138 453 3208 roducatut,
476 3135 725 3215 quemadmodum
748 3136 808 3197 hoc
825 3135 889 3211 ipso
907 3138 978 3196 loco

156 3221 234 3280 ratio
264 3216 431 3279 estderabat.
453 3219 665 3279 Verumtamen
678 3234 735 3278 tam
750 3218 910 3277 inauditum
927 3214 980 3291 est,

146 3319 203 3361 ano
218 3297 315 3360 sluvio
333 3301 485 3382 Apidanum
499 3299 666 3379 quempiam
683 3298 739 3358 dici
761 3316 816 3375 pro
837 3297 978 3377 Tirffalm

146 3379 174 3442 είὶ
193 3380 379 3453 incredibile,
405 3379 691 3448 Hermestanadlam,
715 3378 765 3439 ubi
786 3379 821 3439 de
841 3378 946 3460 Aristip
970 3379 979 3441 i

146 3464 292 3543 loquitur,
309 3461 416 3522 Laidem
432 3461 527 3534 illam,
545 3461 658 3540 origine
676 3459 897 3539 Hyccaraeam,
912 3401 979 3522 sege

146 3544 224 3618 riam,
242 3539 365 3604 voluisse
386 3541 556 3622 Tleffalicam
573 3557 699 3611 vocate,
718 3559 756 3603 eo
774 3543 854 3621 quod
867 3541 931 3622 posi
949 3543 979 3604 id

153 3622 206 3686 sub
221 3623 309 3684 linem
322 3624 401 3684 vitae
415 3624 443 3683 in
454 3620 626 3685 Thessaliam
644 3621 794 3704 migrasset.
818 3623 925 3704 Quare
940 3623 980 3684 nil

147 3705 223 3767 hanc
240 3704 411 3765 sententiam
428 3706 502 3765 adeo
523 3706 604 3765 nullo
623 3702 693 3764 loco
715 3705 840 3764 habitam
861 3704 941 3766 fuisse
959 3724 977 3765 a

146 3806 186 3848 uo
205 3786 397 3858 Ruhnkenio,
418 3803 451 3847 ut
474 3805 538 3847 eam
559 3804 595 3845 ue
614 3804 845 3848 commemorare
861 3787 979 3865 quidem

146 3867 207 3932 tfit.
228 3869 324 3953 Magis
342 3868 486 3933 audienda
500 3865 717 3930 usturam
735 3866 892 3943 sementia,
906 3884 979 3929 ceu·
