2656 4726
146 427 206 504 us.
286 426 350 492 tn
369 426 457 493 stu.
479 428 577 493 xtv.
597 428 698 495 cun
718 423 789 495 tv,
834 444 841 459 ν
985 447 1043 516 tlt

159 571 308 633 veteribus
322 571 550 648 Grammaticis,
568 574 662 655 firmia
679 575 797 649 triticea,
820 594 895 658 quae
912 575 1044 657 praeser-

157 652 195 713 stc
216 653 322 715 dicitur
336 674 430 735 quum
445 658 516 736 αρονί
533 651 565 739 ‘st
580 656 696 735 filialis.
718 660 744 718 Α
759 677 821 740 quo
839 658 946 720 vocab.
967 657 1045 721 rnul-

146 731 267 794 tdiffcrt
286 736 390 815 στέαρ,
418 739 517 816 adipem
544 737 719 816 significans.
773 739 828 799 Sed
856 756 893 799 ex
915 739 1045 802 eiusdem

146 832 177 876 us
194 814 255 876 loci
282 816 423 899 corrupti
439 819 509 878 olim
529 818 558 879 in
577 819 657 881 edito
672 818 832 881 Athenaeo
850 819 991 899 scripturi
1001 838 1045 882 er·
1108 874 1110 878 .

163 912 247 957 natus
263 896 396 969 videtur,
439 901 468 958 ui
488 918 525 959 ex
547 897 674 961 Gotraei
699 898 932 962 Definitionibus
947 901 1046 964 Medi·

147 976 179 1037 in
198 975 337 1059 Stephani
353 918 539 1042 Theiautum
554 979 584 1040 dt
602 981 632 1040 in
649 979 706 1042 alia
726 979 834 1042 Lexica
849 982 996 1057 manavit,
1010 997 1045 1044 ut

146 1055 179 1120 :ir
190 1057 263 1120 idem
280 1059 368 1134 etiam
389 1075 481 1141 atque
504 1057 591 1136 στέαρ
611 1060 771 1141 significare
786 1063 993 1144 perhiberetur.
1014 1124 1017 1129 .

146 1138 293 1214 ισσραοιιὺσι
312 1134 483 1222 ’Fungentur
501 1142 529 1202 ir
548 1140 639 1212 Ἥβας
655 1139 755 1225 pipare.
776 1143 852 1205 Vide
864 1142 966 1226 supra,
988 1140 1046 1206 lli.
1074 1190 1081 1203 ,

146 1242 159 1281 ι.
170 1219 200 1282 b.
218 1219 249 1282 dr
265 1218 373 1283 confer
388 1222 426 1281 ibi
441 1237 554 1284 notata.

146 1298 219 1362 esis
240 1290 364 1363 d'icrir
381 1292 466 1382 tiypir
490 1303 533 1365 ris
552 1298 676 1385 clpam
696 1301 884 1384 ἐσιχιίμινσν
900 1335 918 1351 -
933 1336 951 1350 -
972 1338 991 1351 -
1010 1302 1047 1367 rit
1076 1331 1077 1334 ¹

146 1380 250 1461 ’ροιλιῖσ
270 1383 366 1459 φησίν.
384 1381 473 1461 Quae
494 1383 540 1445 hic
561 1383 714 1464 leguntur,
737 1383 825 1445 σσαΐσ
842 1383 874 1445 i’
893 1385 973 1446 torti
994 1386 1048 1448 sec.
1151 1392 1155 1441 ζ

146 1480 200 1542 pro
218 1461 392 1526 definitione
410 1464 458 1526 vel
479 1465 718 1541 interpretatione
739 1465 876 1536 vocabuli
892 1465 979 1526 σταῖι
1000 1484 1049 1528 ac·
1153 1478 1156 1485 '

149 1544 174 1607 it
192 1540 413 1623 Datecampius,
436 1545 524 1626 eique
552 1543 725 1627 suffragatus
740 1543 873 1606 Gallicus
898 1547 970 1606 inter
992 1562 1051 1608 tes.¹
1104 1573 1107 1580 ·

149 1620 331 1706 Daiecampii
349 1624 533 1687 vetfion'etn:
558 1627 694 1699 sarcit,
720 1643 750 1687 ιιι
766 1626 902 1688 Hierocles
914 1567 1050 1706 expictae,

146 1725 213 1766 ιιιισν
231 1707 266 1786 esi
287 1705 418 1787 sartagini
436 1705 536 1788 affusus
556 1728 612 1768 cum
634 1711 724 1780 melle,
742 1705 864 1787 sesamo,
889 1708 917 1767 (ν
939 1708 1050 1786 casensi

147 1786 222 1848 mad
237 1804 342 1849 vocem
356 1791 449 1847 Ιιιινιον
465 1786 573 1868 speliat
585 1785 613 1848 N
616 1806 664 1850 ota
678 1789 707 1849 in
719 1789 772 1850 ord
785 1788 868 1849 libri:
890 1812 907 1842 ν
918 1789 1046 1863 Vinum,

146 1884 212 1948 pua,
239 1865 368 1947 pallum,
390 1867 554 1942 defrutum,
581 1885 632 1931 aut
656 1870 731 1931 alius
752 1868 929 1930 huiusmodi.
950 1894 970 1926 ιι
987 1897 1050 1919 -ι

146 1966 186 2010 tae
237 1964 330 2010 rtenta
342 1946 441 2010 rursus
453 1948 831 2012 dotttffimusCasaubonus
841 1949 951 2029 absque
962 1950 1055 2011 anim·

146 2047 154 2083 r
212 2046 270 2090 one
287 2028 455 2093 transmifit.
490 2032 531 2092 At
553 2031 619 2091 satis
638 2046 699 2090 etat
760 2028 926 2109 rspicuum,
949 2031 1051 2092 verbis

146 2127 233 2171 snon
250 2112 285 2170 ab
304 2108 389 2172 σσαΐσ
402 2113 469 2190 quid
480 2116 518 2191 fir
530 2110 660 2191 exponi,
681 2049 924 2189 serieconfcciionem
934 2112 1053 2192 [ίσινίνοσ

146 2204 230 2253 cmm
243 2188 375 2252 describi.
400 2190 463 2271 Qui
477 2210 573 2252 autem
599 2187 727 2269 ’ίιροιινῖσ
749 2189 793 2250 hic
812 2191 905 2267 vulgo
924 2194 1054 2251 nomina·

146 2290 205 2346 tur,
226 2272 252 2332 is
266 2269 342 2332 haud
357 2262 446 2332 dubie
459 2273 555 2332 nullus
577 2272 650 2332 alius
665 2286 745 2344 erat,
764 2268 815 2330 nist
827 2269 900 2330 idem
919 2268 1055 2348 Ὶασρν·

146 2347 210 2427 it,
228 2352 279 2434 qui
300 2354 436 2432 proxime
454 2353 623 2413 nominatus
641 2364 721 2412 etat:
743 2350 778 2410 de
797 2365 860 2430 quo
875 2351 1053 2431 corrigendo

146 2451 222 2507 ure,
243 2433 306 2514 poll
318 2431 522 2495 emmonim
535 2433 564 2495 ln
575 2431 742 2512 prolegom.
755 2431 790 2490 ad
803 2431 949 2491 Hieroclis
961 2430 1055 2492 Com·

146 2530 223 2575 utar.
234 2513 264 2573 in
280 2513 381 2575 Aurea
396 2513 552 2589 Carmina,
570 2513 708 2573 Fabricius
720 2511 849 2584 monuit,
866 2510 1053 2574 Bibthaee.

158 2593 180 2656 1.
194 2612 261 2676 pag.
278 2593 345 2667 4⁶8.
368 2595 503 2657 Eiusdem
522 2594 641 2656 Iatroclis
659 2611 767 2655 nomen
782 2591 861 2655 relic
878 2590 976 2654 rursus
994 2590 1054 2654 set·

146 2692 207 2737 tum
224 2693 288 2735 erat
306 2673 399 2750 infra,
422 2677 506 2737 litera
524 2675 549 2751 fl

146 2764 196 2816 xc
229 2756 338 2817 ίσιοι.
362 2758 517 2835 »Χαρίσιος
533 2755 637 2817 deinde
655 2752 838 2816 recensetur:
857 2751 906 2814 vel
916 2754 1057 2835 χαρίσιον.

146 2780 239 2900 :auia
250 2837 374 2898 nominis
386 2838 545 2915 explicatur
562 2836 637 2897 libro
650 2836 805 2917 sequente,
825 2835 918 2915 [XV.
929 2834 997 2896 668.
1008 2834 1055 2916 α]

146 2917 182 2978 rbi
192 2917 233 2978 eli
251 2915 443 2997 χαρίσιασίιτ
454 2919 484 2977 dt
494 2917 533 2981 stc
547 2915 722 2997 Hesychius.
735 2914 789 2977 Sed
800 2920 849 2978 rii
861 2923 993 2994 χαρίσιον
1009 2917 1058 2976 ha·

146 3016 182 3060 tes
190 2997 237 3059 hic
247 2999 290 3079 [dt
300 2996 352 3077 ibi]
364 2999 392 3059 in
402 2999 503 3059 Eubuli
512 2997 607 3059 versu.
616 2997 785 3059 acessus.
795 3030 828 3043 -
840 2999 968 3075 Χαρίσιον
978 2995 1057 3075 apud

146 3076 239 3157 isych.
256 3097 316 3139 non
333 3079 372 3138 eli
389 3080 585 3140 nominativus
611 3077 693 3139 casus
713 3077 846 3163 neutpius
860 3077 990 3155 generis,
1010 3074 1058 3136 sed

146 3159 289 3222 cusativus
299 3161 460 3220 masculini.
478 3162 627 3236 Χαρίσιον,
648 3159 761 3235 inquit,
775 3156 850 3217 aiios
861 3154 1057 3215 πλακούντων·

145 3239 183 3302 al
202 3240 283 3317 ἄρτον
303 3241 353 3302 (σε.
377 3242 403 3302 Α
428 3242 465 3300 ud
486 3240 668 3300 Athenaeum
685 3237 730 3298 hic
745 3238 774 3297 in
794 3231 1060 3315 xepirnsconseti-

146 3337 186 3384 snt
204 3323 282 3382 mssti
297 3340 366 3382 cum
384 3262 445 3382 eid.
468 3321 505 3382 Et
523 3316 668 3402 χαρίσιοι,
691 3337 750 3378 non
761 3323 908 3396 χαρίσια,
928 3315 1060 3378 scribitur

146 3399 334 3477 udSuidam,
352 3404 381 3463 in
400 3401 588 3475 Ἀιοὶστσιτιι,
609 3403 638 3461 δι
657 3403 686 3459 in
707 3402 843 3474 Χαρίσιον.
878 3395 952 3457 ltetn
971 3398 1061 3478 χοιρί’·Δ
1098 3432 1105 3443 1

146 3502 165 3545 u
186 3482 292 3545 Pollux
310 3483 365 3544 Vl.
385 3502 435 3559 7²·
455 3484 485 3544 dr
505 3485 551 3542 riv
576 3483 708 3562 χαρίσιον
735 3498 772 3538 ex
795 3476 949 3538 codicibus
968 3480 1062 3540 msstis

146 3563 194 3626 ribi
212 3564 290 3645 apud
303 3565 436 3624 eumdem
448 3564 550 3625 debuit
568 3562 645 3623 libro
666 3561 720 3622 Vl.
739 3559 805 3621 seli.
820 3576 870 3636 73.
890 3556 1062 3640 Pariterque
1120 3598 1146 3639 ,-

146 3645 187 3707 ud
204 3644 362 3720 Nollrum,
375 3644 446 3705 XV.
463 3644 530 3705 668.
542 3663 567 3708 c.
588 3636 732 3724 χαρίσιοι,
752 3659 811 3700 non
833 3639 977 3719 χαρίσιοι,
997 3641 1062 3702 scti-
1091 3678 1098 3685 -

146 3743 195 3788 um
216 3728 360 3806 oportuit.
381 3725 434 3787 Sed
453 3725 506 3784 alia
527 3725 584 3785 hoc
606 3726 673 3783 loco
694 3720 946 3791 animadvertenda
969 3739 1060 3784 erant.
1107 3754 1110 3761 ν

146 3854 147 3863 ,
164 3809 429 3868 Antsrot’tums
445 3806 519 3885 versu
532 3823 639 3865 temere
653 3799 934 3880 σλαιιοῦνίὲσσιραι
951 3803 1062 3862 editum

146 3902 195 3950 at:
219 3906 306 3952 verae
324 3887 485 3970 scripturae
504 3886 610 3950 clarius
630 3882 800 4024 ueliigiunpd
799 3882 841 4022 ipn,
847 3899 898 4020 aps.
908 3880 946 3942 A.
965 3880 1064 3962 supet·
