2656 4726
170 375 236 462 3⁸⁶
381 369 591 440 rutulov.
610 369 654 436 tu
673 370 956 439 trueuteuu
1016 374 1121 471 pn,-

173 523 254 588 inter
277 521 306 584 se
326 520 534 596 conserentes,
553 520 793 596 λευκόφαιον
818 518 962 604 scriptum
991 520 1141 603 reliquffll

174 607 364 670 Athenaeum
380 602 631 672 existimavimus,
647 605 668 665 i.
682 621 710 664 e.
726 604 885 665 coloreallo
902 600 982 685 exsta
996 626 1028 665 atr
1041 604 1122 667 aiut.

216 680 445 768 rreprrtptptirrt‘r
457 683 622 766 saeptas
634 706 657 745 r.
679 683 944 759 Danuuium,
970 686 1126 770 mergere

175 768 283 829 dibus
293 768 401 845 fimist‘:
421 766 500 826 &ib
519 765 592 827 oti:
618 763 812 845 &epelpirtsmr
827 798 872 815 -
896 765 1126 841 Homullus,

173 851 249 911 Var.
262 847 341 909 beel.
357 847 411 907 lll.
427 866 474 918 ²4·
498 849 622 928 primum
636 846 688 908 stbi
704 848 734 908 in
749 865 878 908 mentem
898 845 1018 911 venisse
1031 850 1071 910 ait
1084 846 1129 910 la·

172 929 309 1004 trrr‘nrrr3
330 928 393 990 dein
410 925 527 1002 vidisse,
545 947 582 989 ex
593 927 744 989 Nicandro
760 927 1036 1009 spayeerm
1048 929 1128 993 notri·

175 1011 324 1093 gendum:
344 1026 434 1090 atque
450 1008 509 1069 lroc
523 1009 701 1090 postremum
712 1008 798 1070 unice
813 1009 960 1088 probavit
971 1009 1130 1083 Bonsrus,

172 1110 241 1174 pag.
252 1094 318 1172 361.
341 1089 456 1152 Rursus
472 1107 551 1152 vero
561 1089 736 1152 dossissrmus
745 1087 893 1163 Cottae,
905 1089 938 1151 in
947 1092 1032 1153 Neris
1040 1091 1126 1166 mair,

172 1174 235 1235 ait:
256 1172 357 1252 „Lege
377 1169 611 1248 sanctitate,
636 1174 654 1234 i.
675 1172 849 1253 esdatestr's,
872 1173 930 1253 qui
953 1171 1127 1254 suntprlu

170 1253 316 1334 nsmrlus,
341 1254 370 1314 u
392 1272 521 1335 quorum
537 1272 640 1315 revera
659 1253 783 1333 speciem
803 1250 946 1316 referunt
965 1259 1009 1316 τὶ
1029 1250 1128 1317 ωὖ-

164 1356 333 1416 ¹sarrracrr-
356 1337 414 1406 At,
444 1333 670 1396 demonstratum
691 1354 708 1396 a
726 1332 755 1394 se
769 1334 805 1395 ad
823 1331 1130 1414 Theophrastum

172 1436 200 1481 c.
212 1417 240 1477 8.
259 1415 336 1486 esse,
356 1417 394 1477 ait
409 1416 564 1489 Budaeus,
575 1416 641 1478 lic'et
657 1415 762 1478 Suidas
775 1415 874 1491 dicat,
889 1418 1066 1487 aarum,
1078 1438 1128 1478 n·

165 1502 209 1581 pit
221 1497 342 1560 montale
359 1495 515 1567 ossellam
531 1494 582 1558 τῆς
597 1500 735 1572 nosrttrr,
747 1512 850 1558 tamen
866 1514 1022 1561 recentem
1037 1500 1127 1560 edno-

171 1580 242 1641 rlum
263 1576 320 1640 elle
339 1579 419 1639 illum
441 1578 577 1641 vocabuli
598 1579 701 1651 usum;
719 1595 774 1640 nec
793 1579 873 1639 enim
896 1579 983 1660 apud
1008 1596 1127 1641 veterem

169 1661 264 1721 ullum
277 1658 338 1719 sive
352 1659 500 1721 Graecum
513 1659 572 1720 stve
586 1660 722 1722 Latinum
737 1657 914 1741 scriptorem
927 1660 1128 1723 eerwmau

171 1741 303 1819 Mysum
318 1757 374 1819 pto
385 1743 493 1822 palmae
499 1739 591 1819 frtriu
603 1743 690 1824 poni:
711 1759 802 1821 quam
819 1739 1070 1804 observationem
1079 1740 1128 1805 uo

170 1823 248 1884 daeo
259 1821 421 1899 praeiverat
434 1821 637 1896 siminus,
652 1821 806 1883 Exercirar
822 1840 890 1904 pag.
901 1842 944 1901 9²
998 1822 1126 1905 Equi&

170 1921 241 1965 cum
262 1921 358 1962 meunt
377 1919 437 1962 nott
457 1901 514 1964 elle
532 1903 723 1985 intelligerem
743 1901 825 1963 islam
843 1901 925 1965 dosli
963 1922 1078 1966 morunt
1093 1902 1127 1965 vl

99 2026 103 2033 ·
171 2004 276 2048 torum
294 1984 456 2063 disceptare
470 1985 571 2060 litem,
588 1982 827 2047 consulriffirrtum
847 1984 921 2046 duxi
942 1984 1143 2079 vulgatanb.

171 2065 192 2128 l.
209 2063 378 2145 scripturam
406 2064 595 2148 lctplrtr
614 2074 737 2140 tenere}
755 2084 847 2148 quam
866 2081 940 2127 cum
958 2066 1126 2161 edttlslibtis

170 2144 936 2307 lltlff‘rllizrstluli{lill‘rssssitlf
946 2144 1126 2308 lem

169 2308 215 2371 bis
231 2308 382 2390 probabile
399 2310 529 2383 viderur,
559 2310 695 2371 librarios
712 2308 894 2371 vocabulum
914 2308 991 2376 istud
1005 2309 1072 2373 satis
1086 2306 1129 2369 fibi
1172 2362 1174 2373 .

169 2408 277 2455 notum
302 2391 330 2450 in
350 2388 483 2467 tamum
502 2391 606 2474 (quod
628 2391 823 2453 difficiliorem
845 2390 935 2451 babet
959 2390 1129 2469 explicatio·

170 2471 260 2551 nem)
277 2469 359 2532 suisl'e
378 2470 556 2534 detorturos.
579 2472 714 2566 Denique
731 2470 804 2531 nibil
823 2490 1010 2555 magnopere
1018 2470 1126 2534 obllate

169 2553 305 2626 viderur,
323 2553 392 2633 quin
405 2554 576 2628 credamus,
592 2552 717 2634 potuisse
738 2553 926 2633 Pofidonr'rrm,
946 2572 1044 2636 equo
1061 2554 1128 2615 haec

169 2634 257 2696 dulia
277 2634 359 2705 sunt,
387 2635 522 2711 pistaciae
545 2635 659 2696 arboris
682 2633 825 2707 srullum,
845 2634 883 2694 atl
903 2633 1032 2715 figuram
1051 2633 1127 2715 quod

169 2712 297 2794 spellat,
318 2734 385 2775 cunt
405 2717 530 2798 lacrymis
545 2716 766 2796 quodammodo
778 2713 935 2788 conserte,
950 2734 1028 2796 quae
1039 2734 1076 2776 ex
1086 2733 1130 2776 ve·

168 2797 219 2857 riis
231 2796 368 2856 arborum
384 2798 540 2874 generibus
555 2798 678 2879 destillare
691 2797 790 2856 solent.
819 2795 938 2858 Evolve
953 2798 1046 2859 modo
1061 2796 1131 2858 llar-
1153 2860 1157 2873 ,

167 2868 249 2937 duini
268 2875 398 2936 lndiccm
415 2876 594 2953 Plinianum,
612 2877 798 2957 &intelliges
815 2897 905 2957 quam
924 2877 983 2939 late
1001 2878 1129 2939 vocabu·

168 2956 189 3017 li
209 2960 341 3036 lacrymae
361 2956 430 3018 usus
454 2958 484 3017 in
507 2959 583 3020 hanc
603 2976 715 3031 partem
738 2958 887 3039 patuerit:
916 2958 1003 3039 atqui
1029 2960 1128 3019 eodem

168 3040 263 3102 modo
281 3037 388 3100 Graeci
408 3036 563 3119 scriptores
580 3038 663 3100 suum
681 3039 772 3116 rtrum
793 3039 841 3099 vel
865 3038 990 3118 serp-aar
1012 3037 1130 3181 usurpa·

168 3136 257 3183 runt:
285 3120 372 3191 vide,
399 3121 481 3180 verbi
498 3118 614 3194 causst,
634 3121 724 3181 Theo
749 3122 792 3180 ltr.
814 3120 888 3181 Hisl.
906 3117 1000 3182 Planr.
1019 3120 1068 3181 lib.
1121 3164 1128 3180 .

170 3221 235 3283 cap.
250 3223 276 3263 t.
297 3199 451 3282 Praecipue
471 3206 632 3282 gummium
645 3204 675 3263 δι
689 3140 868 3273 ressnatum,
880 3201 1054 3276 mastiches,
1068 3202 1130 3263 tbu·

170 3286 231 3357 tis,
249 3283 279 3343 δι
295 3281 447 3356 stmilium,
471 3286 602 3364 lacrymae
618 3284 763 3344 dicuntur.
799 3282 959 3344 eameram
983 3282 1128 3345 vocabulo

169 3365 327 3428 serretur
348 3364 435 3424 etiam
460 3366 495 3426 eti
513 3362 608 3426 caussa
634 3363 720 3425 locus
744 3363 790 3423 bic
814 3360 870 3424 esse
896 3364 951 3424 virt
970 3381 1127 3464 potuerat,

169 3447 311 3526 quoniam
339 3444 468 3526 sequitur
494 3464 659 3527 pronomen
685 3448 802 3504 neutrius
823 3446 947 3526 gereris,
968 3450 992 3505 e
1011 3445 1049 3507 st
1071 3446 1127 3507 &n

169 3529 253 3606 quod
272 3544 326 3589 nec
347 3528 383 3586 ad
405 3526 471 3588 erbe
492 3527 674 3597 sacerrimus,
702 3544 758 3587 nec
779 3526 815 3587 ad
836 3530 885 3587 τὶν
906 3529 1019 3604 uprlr
1037 3524 1126 3609 potest

168 3606 288 3682 referri,
309 3605 356 3668 sed
373 3608 408 3667 ad
422 3611 463 3667 τὶ
480 3607 593 3688 salzpurc
615 3608 690 3686 (aur
705 3607 909 3687 quodcunque
926 3608 1008 3668 aliud
1027 3609 1061 3667 stt
1073 3626 1125 3667 ro·

169 3688 232 3749 cab.
254 3688 382 3749 neutrius
399 3689 534 3768 generis,
555 3690 634 3769 quod
652 3685 723 3748 olim
742 3687 789 3747 hic
804 3686 930 3770 posttum
953 3688 1062 3770 suerit)
1078 3704 1123 3748 re·

168 3766 238 3829 serri
254 3768 347 3829 deber.
381 3768 431 3829 Sin
450 3769 566 3830 sortasse
587 3771 717 3850 cogitare
735 3766 855 3842 subeat,
879 3768 1122 3831 conslruslionem

167 3846 229 3914 esse
241 3848 405 3933 adsensun,
420 3868 453 3912 ut
470 3853 571 3930 aiunt,
591 3869 653 3914 nott
673 3852 711 3911 ad
724 3849 845 3925 ὕμνοις
866 3846 979 3913 scilicet
993 3852 1074 3935 quod
1084 3852 1122 3913 tlt
