2656 4726
168 404 227 463 tro
356 381 569 446 ANIMADV.
587 380 632 446 IN
653 379 927 446 ATHENAEUM.
1004 401 1037 465 p.
1060 401 1128 464 577·

163 524 196 588 td
211 521 304 588 suiffe.
334 523 389 586 Sed
413 523 533 587 sortasse
556 544 593 587 ne
609 526 726 586 Maedorr
745 525 862 605 quidem
881 525 917 587 de
938 524 1047 586 Lteena'
1062 524 1153 593 sie-d

162 607 245 669 metrii
274 608 416 668 concubina
440 608 624 687 cogitaverat
651 626 814 686 umquam:
845 625 950 668 verum
976 606 1123 688 posterio-

164 706 211 749 res
234 687 366 748 nonnulli
388 688 565 769 scriptores,
586 705 653 748 cum
676 685 865 749 meminissent
878 689 1005 767 bartam
1020 706 1123 767 quam·

163 769 232 828 dam
252 770 372 831 Atticam
385 771 535 829 meretricem
553 769 581 828 in
594 767 686 850 prisci
706 767 892 831 Graecorum
906 766 1029 830 historii
1044 768 1124 832 celed

162 850 296 920 bratam,
311 850 415 930 (cuius
430 851 515 910 etiam
535 849 706 911 Athenaeus
718 850 863 923 meminit,
876 851 1023 930 pap-596.
1035 868 1062 910 e.
1072 847 1121 931 s.)

163 928 365 992 existimarunt
385 933 414 990 in
443 928 503 991 isiis
524 933 667 992 Mathonis
688 949 809 1012 quoque
834 929 966 993 versibus
990 930 1122 992 bernam

162 1015 311 1072 meretricem
337 1011 513 1086 memorati,
531 1013 657 1071 Demetrii
672 1013 861 1073 coneubimem:
883 1029 960 1090 quae
979 1012 1120 1093 quideme
1144 1027 1147 1031 ·

161 1110 268 1153 verum
289 1091 456 1171 srquaeris,
472 1091 550 1153 nulla
568 1088 652 1153 fuisse
670 1092 795 1154 videtur.
818 1091 912 1173 Igitur
920 1093 994 1154 haec
1002 1137 1016 1173 ,A
1029 1112 1119 1174 quam

161 1174 266 1243 Matho
283 1173 323 1234 air
339 1175 442 1234 leaenae
455 1172 587 1250 schemate
602 1174 757 1255 fingubrem
775 1174 932 1256 voluptatem
946 1175 1065 1253 praebere
1074 1172 1120 1252 so·

161 1253 237 1314 litem
252 1257 407 1327 Demetrio,
424 1271 473 1315 aut
490 1253 545 1315 alia
563 1254 668 1327 suerit,
688 1254 772 1316 cuius
794 1272 903 1314 nomen
921 1254 1119 1333 superioribus

160 1334 295 1396 versibus
309 1344 320 1412 (
332 1354 409 1416 quos
428 1354 489 1396 non
503 1335 538 1395 ad
560 1334 638 1396 osuit
654 1335 846 1413 Athenaeus)
866 1334 997 1397 ediderat
1009 1339 1118 1415 poeta,

161 1432 232 1492 aut,
251 1417 331 1497 quod
348 1415 417 1476 mihi
436 1415 471 1476 sit
488 1356 657 1494 prohabiie,
683 1417 784 1477 eadent
801 1414 988 1499 ipsalamt‘a,
1006 1417 1045 1480 de
1057 1434 1118 1497 qua

160 1496 247 1559 ctiam
270 1497 415 1570 continuo
433 1496 534 1558 deinde
552 1497 636 1576 ioqui
656 1497 758 1575 pergit.

208 1578 277 1658 Vers
293 1578 360 1658 3sq.
382 1577 479 1654 <petri
496 1579 544 1638 teeti
562 1578 615 1638 τὴν
629 1570 743 1655 Λαμίαν
762 1579 810 1640 see.
839 1577 925 1639 Adeo
946 1574 1118 1661 frequenter

159 1657 191 1720 in
212 1659 411 1736 permutandis
429 1657 498 1734 otri
516 1658 548 1719 dt
570 1657 647 1734 otri
666 1677 799 1720 errarunt
820 1659 945 1733 librarii,
975 1675 1025 1733 ut,
1049 1659 1118 1722 ubi·

160 1756 289 1820 cumque
308 1736 421 1801 necesse
435 1736 541 1812 suerit,
561 1758 621 1800 non
636 1739 768 1802 dubitare
782 1740 888 1801 debeat
901 1739 1026 1816 Editor,
1043 1741 1117 1822 quin

158 1818 206 1895 id,
230 1819 310 1899 quod
328 1820 465 1881 desiderat
481 1819 640 1895 sententia,
667 1822 752 1881 etiam
772 1820 871 1882 invitis
891 1820 971 1883 libris
993 1821 1022 1882 in
1042 1823 1117 1885 alte·

159 1899 220 1961 rius
232 1901 332 1961 iocum
348 1918 481 1979 reponat.
515 1899 591 1980 Quo
608 1901 696 1980 paiio
712 1918 810 1962 auteur
838 1901 985 1964 hocloco
1003 1902 1114 1983 vulga·

158 1996 221 2041 tum
240 1980 308 2057 orei
328 1981 459 2062 potuerit
476 1978 566 2054 ferri,
588 1999 730 2061 exputare
745 2000 807 2043 non
824 1982 916 2064 potui.
943 1981 1038 2046 Paulo
1048 1982 1116 2064 posi

158 2077 236 2122 vero
249 2061 313 2144 (iit.
330 2082 351 2122 e.
367 2061 430 2143 verfi
442 2062 495 2140 4.)
511 2080 566 2137 pto
578 2063 655 2122 edito
673 2062 743 2136 orei
760 2062 861 2125 diserte
876 2063 963 2125 etiam
979 2063 1116 2137 petride·

158 2141 201 2203 dit
218 2161 271 2204 ms.
278 2144 317 2204 A.
344 2140 391 2205 Sic
408 2159 483 2203 veto
500 2141 531 2203 dt
543 2143 573 2203 in
591 2143 720 2204 eiusdem
743 2143 902 2206 Mathonis
920 2144 1024 2206 iambis
1049 2163 1115 2227 pap

157 2218 412 2366 initiis
432 2221 1116 2382 hiim*,;”“;'⁵‘¹hi³i;i⁸i·‘tihh‘0·

157 2324 602 2463 tieepemreiiesireiiiceibihitur
624 2325 653 2446 t9n
671 2385 715 2449 ed.
731 2388 808 2447 Ven.
827 2388 859 2448 ae
873 2352 936 2467 Eas.
958 2387 989 2449 in
1009 2387 1116 2468 quibus

157 2483 220 2530 non
237 2467 358 2529 distintii
375 2467 439 2529 suut
458 2469 486 2527 hi
504 2467 625 2529 verstrs:
645 2468 672 2526 in
689 2468 734 2527 ed.
753 2466 820 2529 Cas.
840 2486 915 2528 vero
934 2468 974 2528 ita
987 2466 1114 2530 divisum

30 2585 32 2590 ·
155 2546 197 2608 esi
211 2547 239 2607 id
254 2549 402 2620 verbum,
421 2565 453 2608 ut
490 2568 583 2609 uanus
598 2548 687 2627 tersus
706 2548 815 2609 desinat
832 2548 860 2608 in
882 2546 985 2626 irrep,
1004 2551 1114 2629 qrtirtntt

156 2645 232 2688 vero
248 2631 329 2691 velut
349 2627 388 2688 ab
405 2571 495 2690 alteri
511 2647 592 2708 parte
606 2629 689 2690 verbi
703 2627 880 2691 ereteeairee
896 2629 1024 2710 incipiat.
1053 2631 1114 2692 Mi·

156 2706 186 2768 hi
213 2707 391 2791 praepositio
411 2705 481 2788 ὑπὲρ
500 2728 516 2769 a
535 2709 631 2771 verbo
646 2709 802 2792 separanda
830 2709 893 2771 visa
915 2728 1001 2782 erat,
1025 2713 1057 2775 dr
1076 2711 1113 2774 ad

153 2788 452 2930 Apeprt‘pstreserenda.
474 2788 524 2852 De
541 2792 637 2855 verbo
649 2783 803 2870 κελητίζειν
815 2791 958 2852 videndus
966 2792 1112 2855 adurere

153 2887 171 2931 a
265 2893 273 2928 t
302 2891 323 2931 t.
341 2873 389 2932 60.
870 2908 872 2913 ·

206 2890 277 3030 ΙΙΞῙ.
298 2954 327 3013 6.
354 2954 423 3032 πρὶς
450 2949 549 3014 ταῦτα
575 2952 623 3013 καὶ
642 2953 772 3024 nt'ettrttr,
795 2949 946 3027 riserint,
964 2953 1110 3033 repeirri.

152 3029 273 3094 Lascive
290 3033 447 3095 translatus
460 3032 562 3096 versus
575 3053 611 3096 er
628 3033 767 3113 Euripidis
782 3032 902 3107 Medea,
919 3052 1002 3096 nunt.
1022 3054 1108 3115 ¹355·

152 3112 194 3174 ita
212 3113 347 3194 quidem,
363 3132 397 3176 ut
431 3133 466 3176 ro
484 3116 589 3188 remi,
605 3114 685 3194 quod
699 3113 811 3173 dixerat
824 3113 990 3194 Euripides,
1010 3117 1108 3199 tpt'trrt

150 3193 227 3257 dicat
246 3196 355 3258 Lamia.
421 3197 509 3256 iratus
533 3194 594 3256 sunt
617 3213 712 3268 vero,
737 3213 790 3254 nec
810 3193 874 3255 satis
896 3197 1013 3276 percepi
1031 3195 1107 3276 quid

99 3286 108 3297 ”’
149 3273 219 3336 effer
235 3278 317 3358 quod
332 3299 351 3332 rr
361 3276 459 3355 paullo
468 3275 635 3338 mendosrus
646 3275 720 3353 apud
732 3275 915 3335 Athenaeum
932 3284 1032 3354 κράτει
1046 3277 1074 3338 h.
1087 3278 1106 3340 i.

148 3375 230 3434 repro
243 3359 326 3420 retinet
349 3356 434 3438 legite
456 3357 599 3420 censuerit
618 3353 794 3420 dociiffinrus
815 3354 947 3416 Ponsou
966 3359 1001 3417 ad
1016 3356 1106 3420 Euri·

149 3436 224 3517 pidis
245 3438 322 3499 Med.
335 3437 355 3497 Ι.
369 3457 396 3499 c.
411 3437 525 3512 lnrnro,
547 3457 638 3578 puam
653 3436 730 3498 redie
747 3437 823 3516 apud
837 3435 1002 3579 Euripidem
1020 3433 1105 3501 riter

148 3516 299 3591 scribitur,
319 3532 379 3578 tam
398 3519 546 3580 incommo
567 3536 584 3579 e
602 3515 645 3596 (st
665 3516 735 3598 quid
756 3518 866 3599 video)
886 3520 894 3578 i
917 3536 963 3577 ent
978 3519 1104 3582 verbum

148 3598 208 3660 huc
224 3597 394 3659 translatum
416 3596 509 3660 foret:
530 3617 565 3659 ac
587 3597 693 3678 reliqua
708 3597 851 3677 Euripidis
874 3598 966 3660 verba
986 3597 1035 3660 sua
1059 3600 1107 3662 sa-

147 3679 228 3741 ciens
232 3678 356 3820 ppmia,
381 3681 486 3761 utique
507 3680 605 3760 κράτει
623 3697 673 3739 aut
691 3680 746 3740 taie
763 3679 853 3761 quid,
873 3700 928 3760 pro
943 3683 1047 3752 κάλει,
1061 3682 1104 3743 di·

147 3776 398 3921 “iiiiiiuhttitese
412 3838 523 3922 opisptt
541 3837 720 3904 titium
737 3839 787 3903 tetri
805 3839 951 3907 areeri
964 3843 1034 3924 epis
1047 3845 1105 3909 rite
