2656 4726
185 392 223 457 p.
243 371 322 439 coa.
361 370 417 436 tn
438 372 526 438 tta.
545 372 655 437 xrtt.
678 372 781 439 cnr.
802 373 1048 439 cxxxviii.
1107 397 1168 461 ²99

160 536 317 599 taquam
333 518 453 599 ePerfid
477 517 601 600 primum
623 518 816 583 aelredum
835 551 886 573 --
908 517 970 580 iam
991 518 1027 579 de
1042 542 1167 583 amaraco

196 598 277 681 (qui
296 599 391 681 vulgo
406 618 525 681 putatur
536 598 593 661 esse
610 620 698 680 quam
713 605 876 665 naioranam
893 618 1004 662 vocate
1021 600 1166 691 solemus)

197 680 314 823 periepi
328 698 461 743 veterum
476 682 630 742 audiorum
652 682 716 743 loca
734 701 751 742 a
765 683 871 743 Bodaco
887 685 1005 764 Stapelio
1020 683 1055 741 ad
1066 682 1169 745 Theo·

199 760 275 903 pha
305 780 392 843 .pag.
408 764 472 842 5⁴⁶·
488 764 519 825 δι
537 784 565 844 p.
573 762 633 837 687
647 761 687 842 sq.
698 760 833 825 coiiedia:
858 764 1083 842 &Cyzicenum
1101 764 1169 841 qui·

219 861 267 904 em
285 861 470 916 amaracum,
485 843 616 924 itemque
629 842 776 925 Cyprium
789 890 798 915 ,
811 844 881 905 olim
895 864 964 925 prae
974 847 1095 906 caeteris
1106 845 1168 909 lau·

201 924 303 985 datum
322 924 404 999 vidi3
428 924 546 1004 Papae,
562 943 714 1007 tamquam
730 926 859 1006 patriae,
873 927 980 986 nuliam
993 926 1031 985 ab
1041 926 1103 989 ullo
1113 945 1168 989 ve·

202 1018 301 1067 terum
316 1002 471 1069 ausimum
487 1008 666 1068 mentionem
681 1004 786 1067 saidam
799 1008 902 1087 reperi.
932 1008 979 1069 Ac
997 1007 1109 1081 fateor,
1121 1026 1168 1069 et·

194 1083 261 1147 datu
275 1086 408 1169 alioquin
426 1086 585 1165 suspcsiam
598 1089 666 1148 mihi
677 1086 735 1149 esse
750 1087 833 1148 istam
849 1086 1018 1170 scripturam
1036 1090 1167 1166 ssiprme

202 1164 256 1235 sub
275 1185 340 1248 quo
355 1169 507 1230 vocabulo
525 1166 653 1248 iuspicot
669 1168 762 1231 latere
783 1168 912 1249 aliquem
935 1172 1096 1250 genitivum
1111 1189 1168 1231 no·

202 1249 303 1323 ninia,
325 1250 473 1330 regionem
496 1267 668 1311 auttetram
689 1249 891 1329 nescioquam
916 1252 1088 1324 indicantis,
1111 1252 1168 1333 qui

261 1330 290 1343 ΙΙ

202 1346 378 1471 pennum
393 1330 488 1392 verbo
502 1330 657 1410 iurpapeic
672 1348 834 1413 regeretur.
865 1330 944 1412 Quo
957 1336 1052 1394 minus
1061 1334 1168 1394 auden·

220 1414 412 1491 amputavi,
440 1412 610 1494 ipsumhoc
629 1413 780 1493 ἐκτραφεὶς
799 1431 866 1475 cum
885 1414 979 1473 Grotio
997 1415 1026 1474 in
1043 1405 1074 1474 eti
1093 1435 1167 1493 apat·

201 1490 265 1573 <pair
280 1511 405 1554 mutare.

248 1572 418 1657 lnpostreno
432 1574 523 1653 versu,
540 1576 613 1655 qui,
631 1591 838 1656 contraquam
862 1574 893 1637 u
907 1591 1035 1636 metrum
1054 1574 1085 1637 dt
1099 1575 1168 1637 sen-

202 1655 292 1717 tentia
309 1656 463 1729 exigebat,
478 1654 518 1717 stc
537 1657 632 1737 vulgo
650 1655 773 1739 scriptus
790 1672 871 1729 etat,

280 1735 403 1811 Μιμῦσι
421 1734 693 1816 paenitemini
715 1738 911 1808 ἐξέτειναν
931 1732 1088 1819 ιῦχὺιιςζ

201 1814 370 1880 Gaoatunt
390 1815 505 1879 secutus
521 1818 602 1891 sum,
623 1819 662 1879 ita
682 1816 902 1881 rescribentem:

281 1894 618 1977 nunptiupaenmis
640 1898 837 1983 ὄξέτιυιν
862 1893 1003 1981 αὐχένας.

199 1974 395 2040 Posteriotem
412 1982 668 2053 emendationem,
681 1981 833 2060 ἐξέτεινεν,
853 1980 1047 2043 scrutatio
1066 1979 1165 2043 deberi

199 2058 277 2119 idem
294 2059 420 2122 Grotius
436 2063 568 2135 monuit,
588 2064 638 2142 qui
656 2063 752 2123 msstis
771 2064 943 2157 quibusdam
959 2063 1094 2143 Scaligeri
1105 2082 1165 2124 no-

199 2140 269 2203 udis
287 2138 362 2203 usus
374 2159 457 2218 erat,
475 2144 513 2203 ab
527 2144 622 2205 Andr.
636 2143 764 2207 Schotto
779 2148 875 2207 seeum
885 2144 1122 2208 communicatis.

355 2318 1031 2391 ducar.1„xxxvltt.=

174 2470 203 2533 d·
237 2462 467 2539 Ἐπιωᾶφορος
484 2460 518 2523 di
534 2461 569 2522 cir
585 2461 598 2522 ὃ
617 2460 738 2523 notarie
755 2448 835 2522 oscor
854 2461 903 2522 uei
922 2460 971 2521 ini
987 2462 1028 2524 ab
1040 2458 1121 2535 driu,
1138 2460 1165 2524 ir

199 2545 460 2623 'Anotrrdoip
477 2548 571 2617 φησίν.
606 2543 652 2602 Ad
674 2543 783 2603 editum
802 2543 872 2602 oiim
885 2544 1056 2619 Ἀλευσιβόᾳ
1075 2560 1164 2603 nota-

199 2646 286 2688 verat
307 2626 555 2689 Cnsnuuouus:
577 2649 594 2681 n
605 2624 675 2684 Non
689 2622 730 2684 esi
754 2642 816 2684 vox
830 2622 956 2686 Graeca.
978 2626 1055 2702 Lege
1066 2624 1165 2695 ‘Ance-

197 2710 332 2781 merdosa.
354 2706 467 2769 Ausior
485 2706 622 2767 Suidas.«
641 2737 690 2751 -
709 2705 824 2785 Nempe
844 2703 895 2766 sub
914 2724 992 2768 voce
1016 2700 1164 2785 Χαιρήμων

199 2790 278 2867 apud
299 2789 432 2862 Suidam,
452 2789 572 2848 laudato
592 2787 747 2847 Athenaeo
768 2788 909 2859 audiote,
925 2807 993 2848 cum
1008 2788 1063 2847 alia
1083 2789 1165 2848 Chae·

198 2872 310 2932 monis
331 2871 473 2940 dramata,
496 2886 556 2928 tum
573 2868 750 2941 'haduidem
768 2870 954 2942 nominatur,
975 2868 1043 2930 satis
1056 2886 1162 2931 notum

199 2950 229 3011 in
246 2949 352 3034 priscis
369 2949 475 3012 sabulis
489 2968 620 3024 nomen,
636 2951 717 3030 quod
732 2950 806 3009 haud
821 2950 907 3010 dubie
920 2949 1028 3011 restitui
1047 2950 1104 3011 hoc
1119 2950 1164 3009 io·

199 3049 239 3093 co
255 3032 373 3094 auctori
387 3032 496 3093 debuit.
518 3031 693 3103 Caeterum,
713 3049 804 3111 quum
825 3031 852 3089 in
870 3030 1046 3111 praescriptis
1061 3031 1162 3091 verbis

199 3112 277 3177 baud
298 3111 421 3175 obscure
444 3112 589 3173 declarare
607 3111 777 3173 Athenaeus
801 3111 958 3184 videatur,
982 3114 1012 3171 in
1034 3109 1162 3172 subiecta

199 3193 305 3274 ecloga
318 3196 466 3255 mentionem
477 3195 536 3271 ficri
547 3197 662 3271 flamm,
678 3211 806 3332 puorum
822 3210 919 3253 tamen
931 3193 1041 3252 nullum
1057 3191 1095 3250 ibi
1113 3210 1163 3253 vc·

200 3272 230 3335 ffi
250 3276 314 3338 'um
331 3276 465 3353 adparet,
492 3274 569 3334 nasci
589 3274 656 3334 inde
674 3275 721 3333 ila
740 3273 883 3333 dubitatio
903 3273 1017 3346 debuit,
1036 3273 1067 3333 &
1087 3291 1164 3333 con·

200 3354 208 3367 ‘
253 3374 328 3418 urae
346 3356 430 3431 ibae,
459 3374 534 3436 quas
556 3354 697 3435 superiori
716 3355 812 3436 capite
833 3356 870 3414 ad
887 3353 1002 3414 versum
1020 3354 1164 3414 duodeci·

200 3456 280 3499 ntum
298 3435 428 3517 Eeiogae
440 3457 475 3497 ex
485 3437 615 3497 eiusdem
630 3438 808 3507 Cdaenmonis
821 3439 906 3497 Oeneo
917 3435 1055 3497 recitatae
1068 3453 1163 3512 expo·

200 3516 319 3581 suimus.
336 3517 498 3579 Monuerat
512 3519 600 3578 etiam
618 3518 758 3579 hocloco
776 3517 1034 3579 Dnueenualus:
1052 3518 1160 3578 »Haec

201 3618 286 3665 anon
300 3601 448 3681 pertinent
468 3601 503 3660 ad
516 3603 613 3679 flores,
630 3598 678 3659 sed
693 3599 727 3658 ad
744 3598 971 3679 descriptionem
993 3598 1161 3678 pulchritu-

200 3681 330 3749 ”diuisa

247 3762 376 3842 Eclogae
392 3761 496 3836 huius,
517 3777 595 3841 quae
615 3777 652 3821 ex
669 3762 844 3840 Alpiefibocn‘
862 3761 951 3823 duda
967 3760 1158 3843 perhibetur,

203 3843 249 3917 duo
257 3844 356 3935 priores
364 3842 464 3925 uersus,
474 3841 726 3907 consentientibus
735 3845 921 3920 membranis,
934 3844 972 3907 bc
984 3844 1050 3905 editi
1061 3860 1160 3906 erant:
