2656 4726
146 404 269 491 itm.
302 374 312 407 ⁸
347 400 401 467 tu
421 402 514 467 iiii.
534 400 640 479 xiv.
663 403 759 469 cii
780 404 915 472 xxiv.
1042 428 1105 495 ⁴¹9

146 542 333 607 inlinaleda
348 546 462 629 recepit
479 544 706 617 anck,Tom.
718 544 758 608 ll.
774 566 840 630 pag.
858 566 923 627 5²3·
940 547 1033 613 conf.
1051 550 1112 613 la·-

146 624 241 688 cobsii
253 627 414 688 Animadv.
428 627 497 689 Vol.
509 628 533 688 l.
547 628 623 689 Part.
636 644 670 689 ιι.
681 647 746 709 pag.
761 631 828 707 276.
851 629 1027 694 pentametri
1039 632 1107 695 scri·-

147 726 253 787 ptura,
269 707 366 788 qualis
383 708 414 769 in
430 711 574 771 Athenaei
587 710 768 772 editionibus
777 710 985 787 exhibebatur.
999 732 1037 775 ex
1046 716 1107 777 Ae·

149 786 248 869 stliyli
268 788 335 851 vitai
349 790 407 853 liuc
419 790 555 852 translata
572 808 644 851 erat.
664 790 730 853 Nos
745 810 809 853 eam
826 792 997 874 scripturam
1011 796 1107 859 Athe-

152 888 229 933 naeo
240 868 437 943 restituimur,
453 892 544 953 quani
563 888 680 933 veteres
697 871 813 935 nolitne
830 875 951 938 membr.
961 879 1000 940 A.
1015 876 1107 960 (naui

153 948 180 1013 i
201 954 281 1093 ei
295 950 559 1117 minin
571 950 867 1115 inierim

154 1108 214 1177 llec
233 1132 332 1177 tamen
355 1116 432 1178 imus
447 1114 579 1191 inficias,
604 1115 695 1198 magis
714 1116 801 1179 nobit
824 1119 959 1200 placete,
984 1120 1107 1185 alterari

152 1192 230 1259 iiim
249 1194 428 1269 lediionem,

228 1278 282 1337 iiiii
300 1275 511 1361 βαθυχαιτῖιας
526 1276 620 1341 iiiior
639 1274 844 1358 inirri'tpmtr.

148 1358 230 1423 licut
239 1376 339 1420 autem
349 1362 377 1421 li.
386 1362 404 1420 Ι.
413 1358 595 1443 [induxerim
608 1359 655 1419 vel
665 1356 913 1443 deduxetriitrrrt
923 1361 1038 1426 Medi&
1046 1361 1109 1427 Per·

146 1440 192 1504 sae
198 1442 359 1515 dicuntur,
370 1440 409 1501 fic
419 1441 519 1502 eidem
531 1442 669 1503 sententid
681 1444 806 1519 κομήτας
814 1444 931 1504 eosdem
944 1444 1110 1524 adpellare·

146 1538 191 1587 rat
212 1522 373 1587 oraculum
396 1522 516 1585 Milesiis
534 1523 654 1599 datiiiii,
672 1523 750 1605 apud
766 1523 914 1586 Herodot.
931 1525 984 1586 Vl.
999 1546 1047 1608 ¹9·

399 1694 483 1759 AD
522 1696 650 1761 CAP.
690 1692 867 1763 XXIV.

203 1832 316 1915 Arlflp
334 1834 384 1897 rel
404 1830 430 1896 ri
454 1832 653 1915 ltrdprtiritrir
679 1833 896 1914 nitardittpeltrrt
921 1835 990 1913 μετ’
1013 1829 1110 1903 eiluein

146 1914 373 1995 rrparriiotrei.
404 1915 482 1978 Mire
501 1936 577 1979 vero
602 1917 690 1989 haec,
718 1918 845 1997 &quae
866 1912 1046 1997 sequuntur,
1070 1921 1109 1980 de

146 2002 273 2081 Muficar
290 1996 341 2077 risu
363 2000 392 2059 in
405 2000 497 2071 niu,
512 2018 563 2079 pet
576 1998 714 2077 cauffasem
731 1998 901 2077 particulam
922 1996 1022 2075 silero
1038 2018 1110 2061 cum

146 2078 353 2165 superioribus
371 2079 600 2159 coniunguntur.
622 2080 686 2141 Nec
700 2080 776 2139 enini
797 2098 864 2139 cum
885 2080 1021 2155 proximis
1036 2080 1110 2145 haee
1201 2144 1204 2149 ,

146 2180 288 2225 connexa
304 2160 384 2231 suni,
408 2160 454 2221 sed
472 2180 541 2221 cuni
562 2162 605 2221 eis
625 2180 701 2241 quae
718 2179 783 2240 cap.
796 2180 841 2218 ii.
853 2160 928 2218 dic'la
949 2158 1014 2221 sunt
1028 2161 1063 2222 de
1079 2159 1110 2223 vi

146 2240 288 2307 Musicae
298 2244 417 2304 animos
427 2242 460 2303 dt
475 2242 589 2322 ingenia
603 2240 761 2302 molliendi.
782 2238 897 2318 Nempe
915 2238 1110 2303 Lacedaemonii

146 2324 179 2391 Β(
194 2324 247 2387 alii
269 2324 405 2385 nonnulli
428 2324 532 2406 populi
555 2325 589 2383 arl
605 2324 727 2383 tibiarum
744 2339 793 2384 aut
810 2323 847 2381 od
861 2324 936 2401 lyrae
954 2324 1042 2383 modos
1059 2324 1110 2384 ad·

146 2404 254 2473 Versus
273 2402 371 2467 holles
387 2406 587 2478 ducebantur,
607 2424 640 2465 ut
655 2422 834 2483 temperaretur
853 2401 948 2463 nimius
966 2404 1108 2466 diuinorum

146 2494 232 2551 ardor
249 2486 279 2547 6·
294 2490 421 2566 imperas,
441 2488 491 2567 qui
504 2487 660 2546 multarum
674 2484 757 2566 saepe
767 2484 920 2544 turbarum
935 2483 1109 2545 &cladium

146 2568 248 2633 catilla
265 2565 324 2631 elle
340 2567 421 2629 solet.
444 2569 511 2627 vide
524 2566 664 2643 Thiicyd.
682 2567 722 2624 V.
738 2584 787 2636 70.
812 2566 844 2624 di
857 2565 966 2626 Aulum
978 2562 1110 2627 Gellium

146 2646 176 2713 Ι.
196 2670 246 2711 ιι.
267 2651 369 2730 Atque
388 2650 416 2709 id
431 2650 523 2731 ipsum
545 2647 685 2725 Polybius
703 2640 847 2729 spedabat
868 2644 953 2706 initio
973 2646 1036 2706 eius
1049 2646 1111 2709 dit·

146 2731 335 2815 putationis,
353 2750 440 2810 quam
458 2746 583 2790 c.xx11.
599 2750 636 2788 eit
658 2728 708 2788 illo
726 2728 848 2788 audiore
867 2724 1004 2808 adposuit
1019 2728 1109 2791 Athe·

146 2830 263 2885 uacui,
281 2830 347 2893 pag.
361 2813 467 2872 626.a.
491 2810 613 2892 ltaque,
624 2809 675 2869 nisi
689 2810 775 2870 initio
794 2810 879 2869 huius
891 2808 996 2889 capitis
1008 2824 1109 2873 xx1v.

146 2888 328 2957 intercidisse
351 2894 482 2953 nonnihil
501 2892 623 2966 ilatuas,
645 2910 708 2972 quo
727 2890 848 2951 resumta
869 2888 956 2950 fuerit
977 2890 1111 2970 superior

146 2976 190 3039 rle
210 2976 243 3037 vi
259 2974 389 3036 Musicae
410 2973 559 3035 molliendi
581 2976 694 3033 animos
710 2970 825 3044 oratio,
853 2971 903 3031 illa
916 2971 1016 3031 oninia
1034 2991 1112 3051 quae

149 3076 222 3137 cap.
249 3071 352 3117 xxiii.
372 3056 534 3136 leguntur,
562 3053 656 3114 veluti
683 3072 735 3133 pet
765 3051 948 3132 parenthesin
974 3053 1112 3133 interpo-

152 3138 209 3201 sita
231 3136 338 3201 censeri
364 3136 478 3198 debent.
527 3135 581 3197 Sed
607 3138 662 3196 iani
688 3135 799 3211 saepius
818 3136 847 3195 in
867 3135 911 3193 liis
929 3134 1007 3191 libris
1029 3131 1114 3195 simili

151 3220 289 3303 quodam
309 3218 400 3279 modo
419 3220 610 3298 interruptum
629 3217 834 3295 disputationis
854 3232 961 3275 nexum
977 3212 1113 3273 observa-

153 3303 274 3376 vimus,
298 3319 390 3381 quum
414 3299 531 3380 reliquis
554 3300 610 3358 iani
627 3296 738 3377 scriptis
754 3297 809 3376 (ut
827 3293 964 3373 videtur)
988 3294 1114 3356 mediani

154 3382 243 3446 aliam
259 3380 416 3463 quamdam
436 3381 664 3461 disputationem
683 3376 864 3440 intersereret
881 3374 995 3435 audior.

198 3460 301 3545 liptirtt
316 3461 349 3523 ui
365 3466 443 3529 iterii
467 3465 551 3539 >oper
568 3462 621 3523 sec.
642 3458 758 3522 Confer
775 3457 880 3539 supra,
898 3457 946 3518 lib.
966 3456 1034 3518 Xll.
1046 3473 1113 3551 pag.

157 3566 266 3625 μμ.
288 3544 416 3605 Herodoti
429 3543 528 3615 locus,
556 3561 644 3623 quern
665 3559 735 3601 mox
751 3538 865 3622 respicit
891 3537 1116 3620 Deipnosoplii-

155 3628 218 3699 sla,
235 3626 329 3688 exstat
347 3624 395 3685 lib.
410 3621 433 3684 l.
451 3644 516 3706 cap.
537 3640 585 3684 xl.
615 3624 771 3684 Homericus
784 3622 836 3702 qul
853 3618 955 3681 deinde
978 3621 1117 3682 recitatur

154 3708 282 3783 versus,
302 3705 472 3770 contradus
492 3705 532 3764 est
550 3725 586 3765 ex
604 3701 707 3781 odyss.
725 3707 757 3784 ρ’.
776 3705 843 3765 262.
859 3702 892 3763 di
912 3720 979 3773 271.

192 3794 280 3873 μστὶ
297 3789 348 3853 riti
368 3788 430 3866 irtpl
451 3790 500 3847 τὶν
517 3786 585 3867 Ἀχ.
604 3784 651 3845 Sic
671 3786 831 3845 commode
851 3786 897 3844 ed.
913 3778 977 3842 Bas.
996 3780 1028 3841 dr
1048 3776 1118 3842 Cas.

148 3874 255 3939 deleti
272 3870 309 3935 si
325 3867 487 3953 particuli,
504 3867 536 3930 δι
550 3865 644 3949 posita
656 3862 924 4007 distinffionssppii
935 3852 1119 3943 primulii,

778 3966 780 3971 ·
915 3964 934 4004 2
