2656 4726
184 406 244 473 288
381 401 596 472 autunum
614 401 659 469 IN
682 398 958 469 ATHBNAEUM.

183 568 245 616 non
263 542 370 612 irrlr.
392 546 524 613 Gallicus
548 548 714 628 interpres,
735 544 813 610 inlr
832 564 956 621 mneos,
979 564 1014 629 pr

185 654 221 698 'rt
238 630 411 714 particulam
429 628 474 692 llrt
494 626 677 690 inserendam
699 628 828 703 censuit,
853 648 917 709 que
937 628 1014 691 sente

187 714 360 796 quaverb‘u
376 708 488 773 ineffet:
515 709 563 773 sed
584 728 709 783 vereor,
731 728 769 772 ne
785 710 866 772 haud
892 709 990 773 multo
1009 734 1014 767 t

187 797 272 872 dior,
294 810 381 875 quam
403 790 528 875 vulgatis
546 789 687 867 Graecis,
705 789 827 855 Gallicis
844 791 923 853 bisce
941 790 1014 855 semi

188 876 245 943 fite
262 876 295 938 Si
309 872 528 956 landramnus
539 894 681 934 meaux
692 875 738 935 des
749 872 876 953 femma,
890 894 961 934 νοω
973 894 1014 956 pa

186 960 243 1041 soit
265 956 334 1032 impe
352 955 403 1017 tile
418 956 543 1017 d'aem'ver
558 976 595 1014 au
614 956 660 1014 but
677 958 708 1015 dt
728 976 775 1015 vos
796 957 891 1035 defiat,
916 955 1014 1099 surg}

191 1058 303 1101 moure
336 1058 371 1097 on
390 1052 483 1109 temet,
512 1056 607 1095 comme
630 1036 671 1095 dit
692 1037 826 1117 Clearqtae.
854 1035 927 1097 lllud

190 1114 327 1199 adparet,
357 1116 543 1179 commodam
563 1114 690 1197 aliquam
714 1118 795 1179 viam
813 1056 986 1197 quaenvtise
1010 1117 1014 1179 l

192 1198 351 1282 sophistam
371 1197 525 1274 nostrum,
545 1216 606 1275 qun
625 1198 661 1258 ad
682 1197 849 1279 sequentem
863 1196 1014 1275 disputarit

191 1276 341 1345 liminibus
352 1280 594 1362 statuarumamort
614 1280 701 1358 captis
714 1282 867 1341 transiret:
894 1278 941 1341 sed
965 1280 1014 1343 vid

191 1379 318 1426 conatus
337 1380 397 1424 non
423 1361 518 1421 multo
538 1359 672 1434 felicius,
703 1379 792 1442 quam
816 1361 886 1423 alibi
915 1359 1014 1441 saepen

190 1445 218 1507 ei
238 1436 361 1506 cende:
389 1442 454 1503 inde
468 1438 589 1503 contusa
613 1440 644 1502 δι
666 1444 804 1505 intricata
824 1442 941 1517 oratio;
969 1462 1014 1524 qu

192 1522 305 1591 facilius
320 1542 372 1619 per
387 1522 573 1618 librariorum
593 1522 797 1607 negligentiam
817 1524 911 1606 magis
928 1525 1014 1586 etia·

194 1623 405 1688 corrumpique
418 1622 521 1685 potuit

231 1685 271 1767 τῇ
286 1707 322 1748 rt
337 1691 399 1767 γὰρ
413 1686 477 1765 περὶ
492 1685 544 1748 air
566 1682 746 1770 Ilttprim
764 1682 870 1770 χιλιξ
889 1682 935 1755 βοὶ
957 1680 1014 1757 dcii

190 1767 236 1839 dt.
266 1765 330 1850 περ)
350 1766 401 1830 mir
423 1764 559 1847 neptim,
574 1770 657 1851 quod
668 1786 737 1830 ante
752 1786 808 1830 not
822 1768 980 1843 edebatur,
997 1786 1014 1829 r

190 1872 224 1913 ca
242 1850 269 1911 P
288 1869 389 1910 renatos
407 1868 524 1920 montes,
548 1866 582 1912 ut
608 1848 686 1911 teile
706 1848 915 1931 Dalecanrpius
935 1850 1014 1912 verti

191 1946 227 1992 ut
278 1931 465 2006 illebruniue,
484 1952 543 1991 aux
560 1932 667 1992 environ
686 1933 718 1992 de
734 1932 852 2012 Pyram
872 1949 961 2013 quem
979 1929 1014 1993 lo

192 2030 245 2073 mo
259 2012 355 2073 novit.
382 2010 426 2072 At
439 2029 528 2073 nemo
546 2009 630 2075 facile
640 2012 835 2087 dubitaverit,
845 2030 950 2073 verum
965 2011 1014 2074 ide

192 2092 279 2154 nobit
296 2107 419 2175 uterque
441 2093 518 2155 dedit
540 2094 634 2155 codex
655 2109 768 2168 mnus,
792 2092 856 2171 tropi
874 2089 1014 2174 llrrpirrr.

191 2178 230 2237 ad
249 2175 383 2246 Pinnem,
401 2191 506 2237 notum
519 2174 599 2237 illum
632 2193 707 2256 rope
721 2174 896 2237 Corinthum
912 2173 1014 2237 fonten

191 2254 238 2318 sae
260 2256 304 2317 ius
325 2256 437 2319 mentio
453 2254 526 2318 nea
541 2196 631 2338 apuli)
639 2255 800 2323 Nostrum,
818 2254 912 2318 veluti
928 2256 989 2317 boc
1007 2254 1014 2317 l

194 2277 299 2418 quiid.
318 2336 504 2419 &11.45.b.
526 2338 573 2400 Ne
596 2356 633 2400 ue
651 2339 827 2408 admodum,
847 2355 940 2417 puto,
959 2337 1014 2398 ruri

191 2420 292 2493 debet,
302 2419 423 2500 quodin
437 2419 566 2481 eiusdem
574 2357 672 2481 (iontis
686 2418 878 2499 descriptione
889 2419 968 2500 apud
981 2417 1014 2479 Pa

190 2502 242 2562 lib.
258 2500 296 2562 ll.
318 2520 383 2582 cap.
400 2519 425 2579 ς.
448 2500 523 2562 aliae
540 2501 656 2581 quidem
676 2518 784 2561 aeneae
804 2517 1008 2561 memorentur

191 2583 280 2642 bovis
292 2598 391 2642 autem
408 2598 518 2643 aeneae
539 2581 619 2642 nulla
633 2581 683 2644 fiat
703 2579 829 2656 menti03
854 2598 906 2642 aut
927 2580 1012 2662 quod

182 2660 224 2742 fis
241 2662 315 2723 istud
332 2662 368 2721 de
391 2663 465 2723 tauri
482 2662 620 2735 libidine,
647 2664 682 2724 ad
703 2680 812 2725 aeneae
836 2680 947 2724 vaccae
962 2680 1014 2725 cor

190 2742 328 2813 accensa,
348 2741 535 2806 observatum
555 2745 689 2807 Valerius
704 2744 854 2806 Maximus
864 2744 905 2804 air
923 2742 1014 2804 libii

189 2842 242 2965 td
254 2840 468 2967 didimia
481 2824 755 2983 bdellii?
772 2820 1014 2968 nlll‘lz'd

189 2986 226 3044 aa
245 2985 364 3047 ructant
387 2984 464 3049 utar.
515 3006 576 3049 eor.
596 2984 695 3051 antii.
715 2953 787 3064 esa.
818 2986 852 3048 tn
865 2987 942 3069 apa.
957 3006 1014 3049 ver

190 3088 260 3131 cart.
282 3087 337 3149 pto
353 3064 495 3141 irretissrt,
518 3068 663 3131 scribitur.
851 3106 855 3111 -

230 3139 311 3211 rim
323 3152 383 3230 γὰρ
399 3150 451 3212 aori
469 3153 497 3213 ir
516 3147 607 3230 Σάμῳ
628 3151 734 3229 [lupico
757 3148 937 3233 &pinnatae
955 3148 1014 3231 δραι

189 3231 333 3293 Eumdem
343 3230 473 3294 furorem
490 3232 517 3292 in
530 3231 662 3292 Cnidiam
675 3230 821 3292 Praxitelia
841 3232 988 3293 Venerem
1001 3250 1014 3293 a

191 3316 311 3374 notavit
322 3312 447 3385 Plinius,
467 3313 514 3374 lib.
527 3304 667 3373 XXXVI.
682 3331 747 3392 cap.
761 3331 796 3372 v.
809 3310 876 3375 secl.
891 3334 920 3388 4.
933 3332 1014 3376 num.

190 3394 257 3455 vide
276 3393 445 3473 Haeduin.)
470 3396 502 3457 δι
523 3394 687 3469 lucianus,
711 3394 848 3454 Amorib.
864 3412 929 3473 cap.
947 3396 1014 3471 ap*

190 3471 269 3553 Opp.
287 3475 335 3534 ed.
349 3474 411 3555 Bip.
427 3494 494 3557 pag.
511 3496 567 3555 273
581 3474 612 3556 sq
635 3518 644 3536 .
695 3477 764 3538 ibid
779 3472 1014 3566 προβαλλόμενοι

190 3548 253 3614 κίον.
274 3556 386 3629 σαρκίον
407 3554 506 3617 nescio
523 3576 560 3616 an
576 3495 727 3619 obicoeno
742 3556 826 3618 senlu
845 3556 1014 3621 dixerintG

188 3633 379 3695 strumentum
390 3636 511 3714 aliquod
526 3639 686 3716 explendae
699 3639 847 3699 masculae
862 3637 974 3699 libidini
985 3638 1014 3699 in

189 3711 244 3773 Sed
256 3716 362 3775 eodem
375 3715 454 3776 sensu
470 3722 596 3778 aditor
611 3722 803 3781 autentici
821 3718 975 3797 legendum
993 3730 1014 3781 tt

187 3792 250 3855 sum
271 3813 309 3854 ex
323 3794 512 3876 Hesychianai
524 3797 647 3873 Glolla,
662 3801 782 3871 Σάκαν,
799 3802 834 3861 ab
852 3801 903 3863 mir
914 3821 1014 3885 putatu

189 3875 248 3939 lare
264 3894 333 3940 curn
350 3877 407 3941 alia
427 3881 558 3949 eiusdem
578 3882 742 3963 Helymi,
761 3900 838 3966 quae
855 3882 896 3948 lic
915 3883 1012 3965 vulgo
