2656 4726
51 124 81 192 p.
102 108 179 173 612.
261 104 315 172 lli
338 108 429 174 stu
449 104 817 175 xlllcnuxcv.
960 130 1017 197 3¹¹

11 260 20 331 ζ
31 252 228 331 ialegoriatn
245 250 379 329 duslam,
393 252 451 327 ait,
473 252 511 313 ab
532 254 592 329 llis,
617 256 717 337 quiin
737 255 864 317 columnis
882 256 1020 317 maritimis

56 334 270 415 adhunscttnt
277 378 290 407 ,
305 335 333 395 h.
346 352 374 395 e.
388 334 428 395 ad
439 356 484 394 eas
499 335 564 415 illst
576 332 744 418 naufragum
755 336 875 417 fatiunt.
886 362 953 394 tt-
981 340 1022 399 tlt

10 422 14 429 '
93 433 116 477 ο
133 416 319 477 columnas
340 410 542 497 (oasimfin
561 417 665 490 mati,
687 423 726 477 ad
742 441 811 498 quas
823 416 918 496 allisae
937 441 1021 480 navet

81 514 240 579 angantur,
256 497 364 558 nemini
381 515 435 557 nec
448 496 567 559 Graeco
584 496 737 580 scriptori,
757 518 811 561 nec
832 498 937 560 Latino
948 544 958 571 ,
969 517 1021 561 us·

62 596 149 659 tuam
176 596 356 640 memoratas
380 578 466 639 novi.
500 578 563 640 Nec
576 576 642 640 sane
664 580 693 640 in
721 578 825 659 Lysiae
844 581 960 654 verbis,
982 580 1020 643 dc

62 658 170 741 quibus
188 656 301 741 agitur,
325 659 418 720 video
437 678 492 721 cut
512 658 624 721 necesse
652 658 687 721 bt
708 660 744 722 dc
760 662 881 722 columi
904 662 932 722 in
954 662 1022 723 mari

62 741 207 823 cogitare,
227 742 266 801 ad
283 762 359 824 quam
371 764 454 801 naves
468 740 562 822 frangi
571 740 685 821 stultam.
718 739 754 802 ln
775 744 870 813 Circo,
891 744 941 803 ubi
960 741 1022 805 ludi

61 840 191 903 aguntur
207 821 377 895 Circenses,
392 825 434 902 cip
453 821 558 882 usstve
571 838 730 898 metuerat,
745 843 834 903 quam
845 821 952 887 aalma
964 842 1022 885 vo·

61 901 282 984 cabant‚(vide
299 902 399 964 saltem
417 847 572 985 §phocis
582 901 670 965 Elesi.
684 922 730 965 vs.
743 923 812 981 720.
828 904 958 986 orm.)
972 906 1024 967 cui

60 982 122 1047 din
136 985 365 1065 circumagendo
380 1003 467 1046 curru
478 985 562 1045 nimis
577 985 830 1067 adpropinquasset
840 987 956 1066 auriga,
966 986 1025 1048 im·

60 1064 182 1149 pastum
194 1064 384 1147 frangebatur
401 1066 572 1145 peribarque
590 1066 770 1142 vehiculum.
791 1065 840 1126 Ab
860 1067 914 1127 hac
932 1066 1024 1148 igitur

59 1148 169 1227 circenfi
183 1146 306 1209 columns
326 1145 390 1207 stve
405 1149 472 1207 mera
491 1146 649 1208 desumtam
667 1144 723 1209 esse
741 1148 943 1225 metaphoram
984 1166 1025 1211 ua

10 1228 21 1259 '
60 1226 167 1307 Lysias
184 1227 251 1290 usus
263 1228 326 1300 eli,
349 1227 484 1289 existimo
503 1229 641 1309 equidem
659 1247 726 1291 cum
746 1229 908 1300 Retsltto,
932 1168 1025 1290 inqiu-

60 1310 124 1371 dicc
137 1308 316 1373 Graecitatis
329 1308 488 1387 Lysiacae,
500 1328 564 1390 pag.
577 1308 647 1384 887.
669 1309 781 1385 Porto,
799 1308 898 1370 τοῦτον
907 1312 955 1369 rlr
968 1312 1025 1371 aa·

60 1407 176 1465 naor,
194 1408 254 1451 non
268 1408 337 1452 cum
351 1390 533 1452 casaubono
552 1392 588 1453 de
600 1392 690 1450 vicino
698 1395 808 1474 quodam
824 1413 961 1473 caupone,
973 1388 1024 1453 sed

61 1473 93 1531 dc
114 1470 175 1553 ipso
193 1470 324 1549 Aeschine
343 1470 547 1552 accipiendum
572 1470 639 1545 esse,
668 1473 747 1536 teile
767 1473 932 1534 Vniusws
952 1490 1025 1533 mo·

61 1552 145 1628 nuit,
165 1554 193 1612 io
213 1552 303 1615 Notis
321 1555 359 1614 ad
381 1552 556 1634 Harpocrar.
578 1571 645 1615 voc
663 1556 830 1633 narraras:
853 1554 1025 1615 commode·

61 1650 125 1715 que
138 1632 271 1694 aimanor
282 1634 313 1697 lt.
327 1634 347 1694 l.
364 1652 525 1694 veteratorem
548 1633 756 1716 interpretatus
775 1633 834 1695 est:
860 1652 963 1697 notum
979 1633 1024 1695 eli

61 1712 166 1787 mim,
183 1712 260 1776 baud
271 1713 469 1797 infrequenter
488 1713 620 1777 Graecos
638 1715 817 1788 vocabulum
833 1715 901 1777 illud
920 1713 1024 1777 odiosi

62 1794 189 1879 illudam
206 1795 334 1857 notione
353 1794 519 1878 usurpasse,
541 1793 742 1876 fraudulentum
767 1795 937 1865 hominem&
954 1814 1024 1857 vce·

62 1892 173 1939 mmmm
190 1874 379 1971 designantes.
408 1876 441 1939 ln
479 1897 521 1938 uo
532 1895 629 1940 tamen
648 1896 694 1938 me
706 1879 864 1939 conturbat
884 1877 926 1943 id,
942 1876 1023 1956 quod

63 1956 157 2039 paulo
176 1956 242 2039 posi
256 1960 334 2020 idem
347 1899 599 2039 lyfiasiubiicit,
617 1956 681 2038 (lit.
695 1959 738 2038 c.)
754 1958 890 2019 eumdem
904 1955 1023 2019 Aeschi-

63 2056 131 2101 nem
146 2036 301 2119 spadana,
317 2035 404 2101 adiali
422 2038 457 2100 ll
477 2040 580 2120 (ipsum
598 2038 792 2119 Aeschinem)
811 2036 876 2097 nitri
897 2035 1024 2100 nami·

62 2132 133 2181 aaa
150 2122 320 2199 sasantinae
332 2120 503 2203 sensistin:
522 2119 571 2180 ubi
584 2124 712 2181 κάπηλον
729 2138 782 2180 nec
796 2140 935 2259 cauffnnrm
946 2135 1026 2179 com·

64 2200 152 2263 node
168 2199 331 2283 intelligere
354 2201 458 2283 poffis;
476 2219 559 2272 nam,
580 2199 602 2261 st
621 2200 679 2279 ipse
696 2222 781 2280 caupo
798 2200 838 2260 sui
862 2217 910 2275 et,
926 2216 988 2259 non
1005 2223 1025 2259 a

63 2281 161 2343 vicima
176 2285 337 2363 sapandus
362 2282 464 2365 (quod
479 2282 569 2363 paulo
586 2298 653 2343 ante
667 2282 761 2342 aiebat
777 2280 899 2363 orator)
919 2281 1025 2343 vinum

63 2378 199 2425 emmaus
213 2381 296 2440 erat,
316 2366 396 2445 quod
415 2364 560 2425 sodalibus
580 2364 765 2447 propinaret:
795 2380 850 2425 nec
863 2380 1025 2424 veteratorem

63 2442 105 2505 ibi
124 2446 284 2507 commode
307 2446 530 2525 interpreteris3
559 2461 616 2506 nec
636 2446 716 2505 enim
745 2444 888 2505 sententia
916 2442 1025 2524 Lysiae

64 2524 139 2587 baec
163 2523 271 2598 fuerit,
295 2524 402 2587 desiisse
428 2526 601 2588 Aeschinem
625 2522 683 2587 esse
705 2541 921 2600 veteratorem,
946 2523 1026 2606 poli·

105 2624 155 2667 am
178 2610 339 2689 myropola
356 2607 449 2670 fabius
468 2606 519 2668 esi.
549 2606 655 2687 Quare
672 2608 710 2667 ibi
733 2606 852 2688 (nescio
869 2624 959 2687 quam
975 2625 1027 2668 re·

93 2686 130 2770 e)
147 2688 279 2750 simum
297 2689 420 2751 notione
432 2689 555 2770 quadam
576 2690 668 2770 magis
678 2688 802 2769 generali
813 2733 822 2761 ‚
835 2705 913 2768 quae
924 2688 1026 2746 eadem

66 2770 189 2861 propria
211 2771 241 2829 dr
266 2770 402 2851 primaria
423 2769 512 2831 huius
530 2770 674 2831 vocabuli
693 2772 778 2831 notio
800 2769 859 2842 cll,
888 2769 1027 2849 institorem

67 2865 275 2929 totetptetatus
289 2848 362 2913 sum.

104 2931 211 2993 τούτου
233 2932 451 2995 resarciant.
483 2932 529 2996 sic
549 2930 626 2995 resse
654 2932 747 2993 codex
769 2948 861 2991 mstus
880 2944 1027 3011 uterque:

69 3030 129 3074 non
147 3011 317 3074 triverim.

45 3112 61 3154 e
107 3086 191 3195 st‘t'ra
209 3092 351 3194 desinant,
374 3088 448 3155 brar
465 3097 514 3157 ‘tir
525 3092 688 3193 ultuir'tipa
707 3088 796 3189 aciatis
812 3091 861 3153 rai
874 3089 939 3154 τοὺς
954 3088 1029 3185 visits

69 3176 1031 3338 sissi.:silisislznl'smislsldiiii

69 3336 236 3419 interpres:
300 3356 321 3398 o
341 3338 377 3398 ad
399 3342 527 3399 mulitttm
551 3336 699 3399 reserenda
728 3337 779 3398 illa
804 3338 896 3397 verba
922 3336 1031 3399 censui.

70 3418 164 3482 Usum
175 3418 263 3480 verbi
298 3416 434 3481 tersisset
455 3419 490 3480 ed
505 3420 644 3494 notione,
663 3437 741 3502 quae
760 3417 806 3479 bic
819 3419 953 3492 obtinet,
973 3435 1032 3478 co-

68 3500 152 3585 piose
177 3500 339 3563 declaravit
357 3502 595 3562 Hsmsretuaus.
616 3500 652 3561 ad
673 3503 791 3561 Luciani
809 3498 848 3559 Ni
886 3502 923 3558 in.
945 3498 1033 3578 ΜΒ.

109 3581 177 3643 imi
200 3577 384 3645 camlurv.
408 3579 455 3645 De
468 3584 526 3645 ltoc
541 3584 650 3647 vocab.
662 3583 832 3665 pauloante
867 3577 953 3642 iilum
968 3577 1031 3641 cll:

109 3663 264 3727 Adnuit.
288 3663 351 3725 Vol.
377 3664 444 3732 Vll.
820 3659 850 3722 X
